710 1331
224 39 679 153 Π

116 214 144 247 9‘8
314 217 456 234 ¹—

117 271 215 296 ambigue,
237 272 257 290 vt
268 270 330 296 plures
342 269 403 289 sensus
415 269 462 289 dista
477 269 530 290 facile
544 270 655 291 admittant:

117 305 165 325 quae
172 298 210 324 ipsa
218 305 246 318 res
255 299 359 319 scholarum
366 304 388 318 ac
395 302 483 318 coetuum
491 298 612 318 necessitatem
622 300 656 319 illa

117 331 175 347 flente
188 328 247 347 facere
259 328 334 351 debuit3
352 326 431 352 plurima
444 328 493 346 enim
504 333 528 346 ex
539 327 654 353 philosophi,

117 356 149 376 sua
167 356 234 382 placita
249 356 396 381 interpretantis,
421 361 454 375 ore
471 359 522 375 erant
539 357 654 381 accipienda,

118 390 167 411 quae
179 385 218 404 aliis
225 384 248 403 ab
256 384 332 406 iisdem,
345 384 378 409 qui
385 388 502 409 acceperant,
516 384 565 409 quali
574 390 607 410 per
614 391 655 404 ma-

118 419 155 433 nus
168 413 296 436 tmdebantur3
316 413 340 432 ita
352 415 381 435 vt,
395 418 434 437 quo
443 412 493 432 sensu
502 418 523 432 ea
531 413 655 438 intelligenda

118 441 184 464 esseut,
201 447 241 461 non
254 441 333 460 leffione
344 441 402 466 magis
415 447 471 466 quam
478 441 572 460 auditione
581 442 654 461 consta.

118 473 152 490 ret.
181 469 223 489 Nee
236 469 366 489 dimittendum
380 470 454 492 animo,
473 470 524 494 quod
535 470 599 489 eadem
610 470 653 495 phi.

119 498 229 524 losophandi
237 499 283 517 ratio
291 498 343 523 isque
350 497 409 517 sermo
417 499 494 523 propius
502 498 524 517 ad
532 504 575 517 eum
584 498 654 518 sermo-

119 533 172 549 nem,
186 532 225 552 quo
234 530 274 546 tum
281 530 330 545 vates
338 527 417 546 maxime
425 527 531 549 vtebantur,
544 527 653 547 accedebat:

119 561 159 581 quo
172 554 211 580 ipso
221 561 288 580 magna
295 555 397 574 subtilitatis
407 561 448 580 pars
460 561 499 574 non
509 558 547 574 tam
557 555 580 574 ad
588 556 653 575 iudicii

118 589 206 606 acumen,
219 589 275 608 quam
286 583 309 603 ad
318 583 387 608 ingenii
395 583 494 602 sollertiam
501 584 654 609 imaginandique

119 613 157 631 vim
164 612 239 631 redibat„
270 611 291 631 ln
300 611 395 631 Heraclito
403 617 447 631 vero
455 612 511 631 etiam
518 612 564 631 haec
571 613 653 632 tenenda

118 640 169 660 sunt:
184 640 237 665 quod
246 641 260 659 is
268 646 292 659 ex
299 640 363 665 primis
372 640 407 659 fuit
415 640 539 665 philosophis,
554 641 587 665 qui
594 646 604 659 a
613 646 653 660 car-

119 670 170 689 mine
185 673 204 688 et
218 669 302 688 oratione
317 668 375 688 vincta
387 669 410 688 ad
417 668 495 688 solutam
503 669 611 694 prosamque
620 670 653 689 de.

119 697 195 717 duceret
203 697 347 722 philosophiam;
362 697 433 722 quique
442 697 488 717 adeo
498 697 589 717 laboraret
596 698 653 717 lueta-

119 729 207 751 1etutque
220 726 239 744 in
250 726 319 748 verbis,
335 731 382 750 quae
390 731 429 745 non
438 725 470 745 nili
479 726 536 745 inuita
545 726 653 746 sententiam

119 754 250 779 sequebantur;
265 754 323 773 multa
333 754 382 773 idem
392 760 415 773 ex
423 754 497 779 antiqua
506 755 576 773 ratione
586 755 654 774 retine-

119 783 160 805 bat,
179 783 256 808 poeticis
268 782 339 802 similia:
354 786 374 801 vt
384 783 403 802 in
411 783 498 802 omnibus
508 784 546 802 eius
555 783 617 803 aetatis
629 783 652 802 ad

119 810 215 831 Platonem
227 817 285 836 vsque
298 811 412 836 philosophis
427 811 485 830 multa
498 812 563 830 veteris
577 811 652 836 symbo-

119 839 165 859 licae
183 840 272 859 orationis
288 846 320 864 per
333 840 408 865 mythos
419 843 438 859 et
449 840 540 865 apologos
557 839 651 865 grassantis

118 868 203 893 vestigia,
230 869 287 893 tropis
299 871 317 887 et
329 868 421 893 allegoriis
433 869 510 891 variata,
529 868 652 893 deprehendi-

118 902 165 916 mus.
198 896 237 916 Iam
251 901 313 916 autern
325 897 344 915 in
358 897 389 916 tali
397 897 481 916 oratione
489 896 547 916 multa
554 902 651 916 occurrere

115 924 188 944 ‘necess'e
200 925 234 947 est,
253 929 350 944 acutorum
361 925 451 944 dissorum
461 925 534 947 similia,
549 925 652 950 eademque

119 953 142 973 ad
154 953 312 978 interpretandum
323 952 414 976 difficilia,
434 953 511 973 obscum
523 957 542 973 et
557 954 650 978 ambigua,

119 982 139 1001 in
152 982 214 1007 primis
227 987 270 1001 cum
283 982 314 1001 illa
325 982 460 1007 interpretatio,
475 988 522 1007 quae
530 982 622 1007 discipulis
631 983 652 1001 in

118 1010 184 1030 scholis
196 1010 261 1029 tradim
273 1010 317 1033 fuit,
333 1016 373 1030 non
381 1010 403 1030 ab
413 1010 441 1030 his
448 1010 489 1036 ἱρῆς
497 1010 604 1036 perscripta,
619 1010 651 1030 sed

117 1044 151 1064 per
163 1038 227 1058 seriora
243 1042 262 1058 et
275 1039 315 1058 aliis
326 1039 444 1064 dogmatibus
457 1039 528 1059 imbuta
539 1040 613 1064 ingenia
628 1039 651 1058 ad

118 1073 153 1086 nos
165 1067 185 1086 fit
196 1071 300 1092 propagata.
330 1067 433 1087 Paucissima
442 1068 504 1093 itaque
515 1068 557 1087 sunt
565 1071 650 1087 veterum

117 1095 284 1121 philosophemata‚
298 1096 321 1115 de
329 1097 404 1121 quibus,
418 1096 511 1115 auctorum
520 1100 601 1116 mentem
609 1096 650 1115 satis

111 1130 154 1143 -sios
160 1124 266 1149 perspicere,
279 1125 357 1149 pignore
365 1124 460 1150 proposito
469 1125 581 1144 contendere
589 1124 650 1145 liceat.

118 1152 195 1178 Neque,
214 1152 227 1172 fi
240 1153 348 1178 scriptorum
361 1159 401 1172 non
413 1153 471 1173 modo
479 1153 649 1178 grammaticorum,

619 1181 650 1202 sed
