710 1331
32 155 40 282 Ι
252 222 396 231 ·“--“
550 225 589 244 203
605 235 607 237 a

119 267 148 287 Est
159 266 181 287 en'
192 270 268 287 naturae
278 268 369 288 humanae
377 268 502 292 imbecillius,
516 272 546 292 vt,
558 269 592 290 nifl

32 294 33 317 J
61 296 152 316 diuinitus
163 296 248 321 sapientia
259 297 319 322 aliqua
327 297 431 319 instilletur,
448 298 508 316 omnis
515 297 592 319 humani

61 325 135 349 generis
149 325 222 344 scientia
238 325 261 344 ab
277 331 338 344 errore
351 325 483 350 proficiscatur3
504 326 530 345 vti
542 327 592 345 enim

61 353 138 378 puerilis
151 354 221 378 ingenii
233 353 313 372 ludibria
327 353 427 372 iuuenilem
440 354 553 378 sagacitatem
566 355 593 376 vi-,

61 380 153 406 rilemque
171 387 192 401 ac
206 381 281 400 senilem
300 382 416 406 prudentiam
433 382 592 407 antegrediuntur:

58 409 86 429 iu
101 409 224 434 populorum,
249 410 306 434 quid?
329 410 381 435 quod
397 410 453 429 totius
470 411 542 435 generis
558 410 593 430 hu-

60 438 120 460 mani,
149 437 232 457 historiae
250 438 328 461 docent,
358 437 466 463 pmeceffiffe
483 439 551 464 vbique
566 445 592 462 ea.

61 471 109 491 quae
126 466 170 485 falso
181 466 248 486 credita
259 467 309 489 sunt,
332 470 430 491 antequam
445 467 467 486 ad
479 473 542 486 verum
552 473 593 492 per-

60 495 159 513 veniretur.
193 494 260 520 Neque
277 495 376 520 quicquam
395 496 414 514 in
432 495 469 515 hoc
484 495 518 518 est,
541 491 593 520 quod

61 523 123 542 mirari
135 526 167 542 aut
178 523 268 547 indignari
282 523 339 542 liceat
369 523 468 548 suscipitur
480 524 528 543 enim
537 530 593 544 omne

62 551 120 571 animi
136 551 224 570 iudicium
239 551 320 570 hominis
331 551 381 571 rudis
395 555 414 571 et
427 552 507 576 imperiti
520 558 543 571 ex
557 553 593 576 pri-

61 580 97 598 mis
108 578 191 598 sensuum
204 579 320 604 impulsibus,
339 585 384 601 nec,
403 579 434 599 etsi
445 580 514 605 saepius
524 581 594 599 iteratis

61 607 101 630 hie,
124 608 190 627 veriori
207 608 334 627 existimationi
346 608 399 627 locus
413 608 438 627 est
450 608 482 627 nisi
496 609 515 627 in
527 609 593 627 animis

62 635 85 654 ad
102 636 252 661 contemplandas
270 640 288 655 et
302 636 432 661 comparandas
450 642 478 655 res
496 636 592 656 conuersis.

60 663 132 684 „Omnis
148 664 233 689 quidem,
259 670 315 690 quam
330 665 365 684 late
377 668 436 690 patet,
457 665 571 690 philosophia
582 671 593 684 a

62 693 114 712 vanis
131 697 150 712 et
163 694 244 712 erroneis
256 693 376 718 opinionibus
388 692 488 718 progressa,
509 699 548 713 non
560 693 593 713 nisi

62 720 125 745 longis
145 720 258 741 saeculorum
273 721 382 740 anfraffibus
397 721 419 740 ad
435 722 505 740 veriora
520 721 592 741 decreta

62 750 158 774 peruenit;
179 755 239 775 neque
253 749 284 769 illa
296 750 361 769 veritas
375 750 449 768 emicuit
461 753 493 769 aut
504 756 541 769 vno
553 756 594 769 mo-

63 781 137 800 mento.
161 781 203 800 aut,
225 781 311 803 tunquam
328 777 423 799 Minerua,
441 784 464 796 ex
476 784 513 797 vno
525 779 594 803 capite;

64 811 129 825 verum
145 805 205 831 sapere
221 812 298 831 coepere
310 806 394 825 homines
405 806 424 825 in
435 805 510 831 singulis
521 810 540 826 et
550 812 595 831 pau-

64 834 101 856 cis.
124 834 216 853 interdum
231 835 251 853 in
267 834 334 859 quibus
348 835 379 853 vix
392 834 494 859 expefiares
509 838 528 853 vt
541 838 594 854 acute

64 862 157 884 viderent,
181 868 224 882 cum
238 863 307 882 interea
324 863 435 882 caecutirent
448 862 470 882 ad
485 862 529 885 alia,
548 868 594 888 quae

65 890 126 910 multo
148 892 234 916 propium
254 891 305 915 saepe
324 895 376 910 erant
393 894 411 909 et
429 891 508 915 patentia
524 891 594 915 oculis;

65 919 110 944 quid
120 924 183 938 verum
194 918 246 941 esset,
260 919 306 937 vidit
313 919 394 944 populus
402 919 447 938 alius
458 920 477 938 in
488 919 534 941 hoc,
548 920 595 939 alius

64 948 84 967 in
102 947 143 966 alio.
185 947 216 966 Ne
235 948 257 966 iis
277 947 351 972 quidem
368 953 396 966 res
415 948 505 966 continuo
518 947 595 967 feliciter

64 974 114 995 cessit
131 976 164 1000 qui
180 976 235 1001 primi
247 975 299 1000 plura
313 978 375 994 mente
387 975 484 1001 compleffl
499 976 596 1000 auderent;

65 1009 108 1023 nam
123 1004 192 1028 vbique
204 1004 242 1023 fere
254 1003 395 1028 philosophandi
407 1004 481 1023 initium
491 1004 557 1023 fadum
569 1005 596 1024 vi-

66 1031 130 1051 demus
144 1032 166 1051 ab
181 1038 213 1053 eo,
238 1037 277 1057 quo
290 1032 330 1056 post
341 1031 452 1051 infinitarum
461 1038 522 1051 rerum
533 1033 596 1052 notio-

66 1066 99 1079 nes
119 1060 158 1079 sero
173 1060 246 1079 tandem
262 1059 406 1085 perueniendum
422 1063 469 1083 erat;
495 1060 517 1079 ab
534 1066 595 1080 rerum

65 1090 135 1114 quippe
147 1088 241 1108 elementis
254 1088 390 1113 constitutoque
399 1094 423 1107 ex
435 1089 457 1107 iis
466 1088 503 1108 hoc
512 1089 597 1109 vniuerso

66 1116 146 1141 profefla
156 1117 181 1136 est
193 1117 278 1142 sapientia
287 1115 370 1136 Orientis
380 1120 399 1135 et
411 1116 507 1139 Graeciae,
519 1123 562 1136 curn
572 1117 596 1137 de

66 1144 177 1170 nugularum
195 1151 257 1165 rerum
275 1145 344 1164 naturis
362 1144 496 1165 considerandis
511 1145 596 1167 nondum

554 1172 597 1193 ess'et
