2496 4936
41 845 97 927 die
122 846 357 948 profetiam
381 868 499 946 quarn
526 843 707 922 infinitam
729 835 826 922 hino
855 846 1066 928 ranetatem
1081 851 1138 930 vin

45 963 128 1040 caeli
144 962 310 1063 solique
338 963 508 1049 naturis,
546 983 669 1036 rerum
690 961 1008 1062 animantiumque
1031 963 1137 1042 femi-

47 1080 171 1167 nibus,
226 1079 395 1164 formis,
444 1075 701 1166 incrementis3
745 1095 816 1162 nec
839 1078 1005 1151 reuocari
1035 1075 1137 1178 poffe

47 1194 211 1268 numinis
234 1214 374 1266 curam
391 1212 435 1265 ac
451 1187 724 1288 prouidentiam
741 1185 787 1264 ed
803 1209 919 1263 vnum
937 1190 1135 1289 populum,

51 1306 90 1381 ad
124 1328 246 1380 unam
276 1303 414 1380 setiam
439 1317 476 1378 et
499 1299 756 1401 professionem
780 1301 971 1409 opinionis
994 1325 1035 1378 ac
1057 1303 1135 1380 cul-

51 1433 123 1494 tm:
163 1418 479 1518 superstitionum
505 1429 542 1490 et
569 1415 793 1514 opinionum
824 1413 985 1491 ludibria
1010 1413 1135 1516 paffim

54 1532 132 1608 funt
152 1531 345 1631 dispulsa,
374 1547 411 1606 et
427 1528 551 1627 coepit
566 1528 714 1604 tandem
734 1541 830 1604 aetas
848 1528 1000 1605 statuere
1019 1528 1134 1627 digna
1192 1544 1207 1578 '

57 1649 211 1721 numine
227 1645 457 1743 diuinaeque
474 1656 621 1717 naturae
642 1641 841 1732 maiestate,
869 1662 981 1742 quam
1004 1642 1134 1742 paullo

59 1774 140 1834 ante
159 1782 242 1858 quo
258 1763 345 1857 quis
362 1760 478 1856 magis
498 1756 542 1832 ad
564 1769 714 1833 naturae
734 1754 914 1832 humanae
936 1755 1132 1835 imbecilli·

60 1881 173 1950 tatem
192 1872 425 1962 detraxerat,
454 1871 674 1969 hominique
691 1867 928 1946 affinrulando
948 1871 1061 1950 deum
1075 1873 1132 1950 di·

59 1986 198 2075 luerat,
231 2010 279 2063 eo
300 1988 421 2063 verius
447 1997 484 2059 et
507 1981 800 2083 magnificentius
825 1982 871 2059 de
898 1984 971 2062 deo
993 1983 1132 2065 senfiffe

59 2099 267 2178 ridebatur.

176 2328 319 2406 Verum
337 2324 382 2402 ad
407 2323 575 2402 historiae
600 2344 753 2427 qnoque
773 2332 905 2405 veteris
931 2325 1043 2409 fidem
1073 2308 1135 2413 iirssv

64 2440 241 2522 mandam
259 2440 418 2541 plurima
433 2441 533 2527 sunt,
563 2459 658 2540 quae
676 2465 722 2516 ex
738 2440 795 2517 his
819 2446 1134 2543 peregrinantium

62 2556 337 2633 narrationibus
354 2555 430 2652 peti
447 2551 605 2652 poss'unt.
663 2551 787 2630 Multa
799 2556 837 2631 in
862 2556 908 2632 iis
933 2575 1135 2640 occurrunt

63 2671 109 2747 de
126 2666 285 2769 populis
305 2689 345 2743 ac
360 2667 504 2744 familiis
522 2665 653 2743 eodem
680 2667 755 2744 fere
775 2671 869 2745 vitae
893 2669 997 2748 cultu
1018 2675 1134 2753 vitiu·

67 2806 142 2883 que
165 2781 374 2871 utentibus,
402 2783 468 2880 qui
486 2801 586 2857 nunc
603 2778 727 2879 paffrm
743 2803 810 2880 per
826 2780 1049 2876 Amerinam,
1076 2789 1134 2866 in.

65 2911 122 2974 ter
148 2895 313 2994 populos
346 2894 515 2970 nondum
545 2893 590 2969 ad
616 2896 711 2969 vitae
736 2894 897 2973 melioris
921 2900 1024 2976 initia
1046 2923 1134 3002 pro-

68 3007 233 3110 gressos,
263 3006 399 3087 visitur.
454 3002 638 3086 Herodoti
666 3005 756 3084 fides
781 3031 893 3108 quarn
914 3028 1043 3091 vexata
1056 3016 1137 3094 fue.
1178 3060 1182 3066 »

67 3128 137 3212 ¹tit,
162 3122 246 3198 satis
263 3123 421 3214 eoniiat3
451 3141 562 3221 quam
579 3136 700 3197 tamen
721 3127 969 3203 recentiorum
991 3128 1036 3203 de
1054 3128 1135 3208 Ana

68 3251 108 3314 ‘et
125 3237 246 3313 Africa
264 3235 482 3334 scriptorum
501 3233 694 3312 consensus
718 3239 866 3336 egregie
895 3238 1065 3318 liberauit
1098 3256 1137 3321 et

68 3350 266 3438 stabiliuit,
312 3371 428 3448 quum
455 3351 526 3425 iam
551 3362 634 3424 ante
665 3348 742 3425 duo
774 3350 912 3428 saecula
947 3356 991 3428 ab
1016 3354 1132 3434 Henr.

70 3465 259 3564 Stephano
283 3481 413 3563 coepta
428 3461 511 3539 esset
531 3463 715 3537 vindicari.
774 3461 819 3539 In
835 3464 917 3563 ipsis
932 3466 1037 3542 sacris
1060 3466 1138 3547 He-

71 3578 270 3655 braeorum
293 3577 417 3666 libris,
467 3599 551 3653 cum
576 3599 709 3674 magna
737 3597 869 3674 rerum·
890 3573 1141 3679 expositarum

70 3714 152 3793 pars
167 3691 212 3767 ad
229 3691 400 3767 homines
424 3689 576 3790 spetiet,
606 3691 672 3789 qui
688 3704 752 3765 aut
774 3689 839 3767 sub
861 3690 935 3790 ipsa
959 3692 1138 3772 societatis

72 3808 257 3885 hnmanae
273 3807 473 3905 primordia
495 3807 664 3880 uiuerent
684 3819 747 3879 ant
774 3806 1006 3882 nomadicam
1027 3810 1139 3887 vitam

74 3938 245 4020 agerent,
292 3935 355 3994 aut
386 3918 481 3993 inter
517 3918 686 3992 barbaros
719 3930 757 3992 et
783 3919 944 3996 incultos
974 3922 1138 4020 populos

0 4035 6 4043 ’
72 4033 245 4112 censendi
261 4029 394 4121 essent,
420 4030 499 4107 satis
517 4032 673 4117 constat,
708 4053 819 4130 quam
839 4029 974 4121 multa,
1002 4035 1048 4111 ad
1070 4059 1140 4140 no-¹

74 4150 159 4226 uras
175 4150 373 4234 notiones,
401 4147 617 4245 opiniones,
644 4144 818 4220 sensusne
836 4146 969 4223 iudicia
985 4147 1138 4241 deflexa,

74 4262 225 4341 miseros
242 4283 386 4337 errores
402 4248 452 4336 'ae
482 4257 751 4358 superstitiones
779 4260 819 4333 in
846 4257 1042 4337 hominum
1064 4267 1141 4340 ani·

75 4400 154 4469 mos
173 4375 408 4463 inuenerint:
437 4369 1082 4472 quornmexpeditiffimaxratioest,
1113 4374 1141 4450 sr

294 4526 296 4531 .
642 4483 676 4559 A
708 4510 728 4558 2
970 4489 1144 4563 notiones
