2580 4996
488 564 769 626 ====
1079 583 1154 664 ¹15

77 748 248 837 aestiuus,
273 748 444 838 ficcitas,
469 770 642 848 agrorum
658 748 822 830 sterilitas
840 777 924 832 cum
940 754 1045 851 same,
1062 780 1154 840 ren·

78 878 200 940 torum
223 863 441 964 procellae,
476 876 591 943 terrae
617 878 761 954 motus,
789 868 894 966 ignes
911 892 931 943 e
951 869 1017 948 soli
1041 874 1150 953 visce-

33 972 34 976 ‘
79 978 178 1054 ribus
196 990 439 1077 erumpentes
455 999 541 1055 cum
559 975 793 1077 mephitibuc
853 980 1013 1059 Nullum
1035 991 1146 1079 enim,

80 1091 184 1190 quod
215 1090 302 1166 satis
335 1089 494 1180 constat,
534 1092 660 1181 iniis,
694 1113 788 1189 quae
803 1095 849 1169 ab
868 1089 978 1176 Liuio
994 1097 1148 1200 aliisque

76 1216 372 1281 commemorata
395 1202 496 1293 sunt,
550 1203 763 1302 prodigium
785 1209 1060 1308 ostentumque,
1099 1237 1147 1294 ne

80 1318 259 1394 imbrium
290 1316 443 1417 quidem
470 1333 709 1394 cruentorum
741 1332 804 1395 aut
836 1322 938 1421 quod
960 1322 1146 1424 lapidibus
1216 1317 1217 1320 Ὺ

80 1430 199 1530 pluit,
238 1430 418 1519 occurrit,
455 1429 559 1530 quod
576 1455 654 1507 non
670 1429 715 1506 ad
730 1447 876 1512 naturae
895 1453 1069 1517 euentum
1079 1453 1143 1512 ca·

82 1543 238 1643 sumque
262 1544 387 1620 reserri
409 1541 529 1642 possit.
595 1543 677 1621 Alia
691 1567 711 1619 a
726 1557 827 1621 metu
845 1545 1042 1644 repetenda
1057 1547 1143 1627 sunt

82 1672 153 1733 eta
170 1658 373 1733 terroribus
386 1655 554 1755 falsisque
571 1653 883 1758 persuasionibus,
922 1681 1012 1758 quas
1037 1685 1142 1744 meri.

81 1773 202 1860 obus,
239 1769 347 1846 semel
373 1768 546 1869 perculsis
561 1787 599 1850 et
624 1773 807 1859 attonitis,
834 1771 1031 1868 religiones
1051 1776 1141 1851 deo·

80 1908 164 1960 rum
188 1887 339 1960 iniicere
353 1881 491 1976 solent;
508 1896 577 1972 rt,
606 1881 632 1957 sr
649 1881 790 1958 auditae
806 1883 956 1960 fuerunt
971 1888 1009 1960 in
1033 1911 1142 1965 mon.
1208 1935 1210 1939 ‚

82 1999 183 2074 tibus
207 1997 379 2096 siluisque
405 2019 512 2078 voces
537 2010 600 2072 aut
628 1995 722 2071 mala
746 1999 952 2072 ominantes
968 1998 1140 2079 autsacte

80 2108 277 2185 intermissa
301 2123 525 2208 repetentes3
565 2124 601 2185 et
623 2131 717 2208 quae
732 2108 945 2185 huiusmodi
963 2110 1044 2185 sunt
1059 2111 1137 2191 aliu

80 2220 135 2299 Vt
158 2227 287 2322 igitur,
322 2247 434 2322 quam
456 2245 540 2298 vere
562 2222 690 2299 haeca
715 2224 823 2301 nobis
846 2221 1045 2311 dictarunt,
1083 2228 1140 2301 in.

76 2336 283 2434 telligatur,
311 2336 467 2434 agedum
484 2335 721 2433 pestilentias,
747 2357 840 2433 quae
856 2360 876 2411 a
891 2333 1144 2418 Romanarum

78 2475 203 2527 rerum
236 2450 470 2548 scriptoribus
497 2466 803 2526 commemoratae
833 2448 933 2537 sunt,
981 2452 1142 2531 breuiter

79 2586 151 2663 pro
187 2562 328 2641 consilii
364 2565 503 2639 ratione
540 2562 807 2639 recenseamus:
860 2561 1032 2641 simodo
1064 2567 1139 2645 hoc

78 2679 354 2765 monuerimus,
403 2676 622 2774 plerumque
659 2676 797 2751 malum
825 2678 920 2752 intra
948 2680 1076 2757 urbem
1094 2692 1139 2757 et

79 2813 227 2888 agrum-
244 2787 499 2886 Romanorum
523 2785 725 2882 substitisse;
764 2811 841 2889 quo
865 2789 942 2890 ipso
965 2793 1138 2919 pestilen-

77 2906 151 2982 riae
170 2906 275 2980 notio
292 2901 610 2982 circumscribitur.

191 3123 312 3205 Prima
336 3126 443 3227 pestis
463 3124 529 3202 sub
554 3120 720 3203 Romulo
737 3124 817 3223 post
829 3122 977 3202 Tatium
995 3127 1138 3210 caesum

78 3253 246 3319 narratur
261 3265 300 3339 ,a
314 3235 516 3340 Dionysio,
541 3241 588 3329 d)
616 3237 811 3339 multoque
834 3241 997 3316 ornatius
1016 3264 1035 3316 a
1052 3240 1139 3320 Pru·

78 3355 228 3444 earcuo,
256 3379 341 3432 narn
363 3377 538 3454 agrorum
551 3374 803 3452 pecorumque
820 3350 1040 3429 sterilitatem
1056 3356 1140 3455 plu.
1189 3413 1191 3422 ,

77 3473 230 3568 viasque
264 3483 431 3546 cruentas
467 3467 608 3559 adiicit3
659 3468 719 3542 cui
752 3465 901 3565 quidem
938 3473 1138 3548 narrationi

78 3594 154 3659 tam
179 3580 328 3658 disertae
349 3585 388 3657 in
406 3595 479 3658 tam
501 3581 651 3656 remotis
665 3582 860 3665 aetatibus,
890 3578 992 3655 nulla
1015 3605 1140 3662 terum

77 3697 258 3773 memoria
280 3719 345 3794 per
370 3694 484 3771 libros
498 3692 660 3793 prodita,
696 3715 826 3792 parum
841 3690 924 3768 fidei
942 3692 1138 3772 habemus:

77 3807 105 3888 fi
130 3822 252 3884 tamen
277 3807 388 3885 fidem
408 3807 541 3885 habere
564 3806 700 3906 placet,
731 3805 802 3881 luis
824 3802 938 3884 caussa
953 3807 1039 3884 inde
1063 3832 1141 3885 ma.

77 3921 207 4002 uifesta
227 3919 278 3999 fit.
352 3920 492 4001 Iterum
513 3920 579 3998 sub
606 3916 722 3997 Tullo
752 3916 910 4001 Hostilio
939 3920 1142 4020 pestilentia

639 4029 732 4113 Ha
842 4078 845 4085 =
1036 4033 1144 4114 labo.

140 4219 187 4305 a)
206 4219 335 4306 Dionys.
349 4219 390 4289 is.
427 4236 478 4302 54.
496 4216 576 4282 Piut.
593 4216 625 4278 in
648 4214 782 4279 Romulo
798 4215 878 4299 Opp.
895 4213 936 4279 T.
949 4214 974 4279 1.
992 4235 1022 4295 p.
1036 4231 1086 4295 32.
1105 4218 1141 4286 F.

189 4304 444 4476 :iginiuffiqoiier
479 4296 557 4384 ric-iq
577 4300 611 4364 δὲ
632 4300 680 4363 καὶ
706 4299 843 4374 σταγόσιν
864 4298 991 4378 αἵματος
1011 4298 1029 4379 ἡ
1049 4303 1136 4374 πόλις
