2496 4936
458 657 746 720 Ε
1046 686 1054 703 ·
1077 670 1136 747 ¹25

49 842 99 920 iere
122 841 268 944 infligi
299 845 475 934 crb‘dita,
513 843 559 922 de
581 869 653 945 qua
668 847 741 935 alio
754 857 924 947 tempore
941 849 1135 950 eritagen-

50 959 126 1034 dum.
153 965 215 1055 g)
312 956 422 1036 Cum
447 960 499 1035 dii
524 972 619 1035 certa
642 959 742 1048 loca,
772 963 939 1060 inprimis
961 960 1134 1044 siluarum

51 1072 262 1150 [olimdines
295 1088 373 1149 aut
396 1072 626 1150 consecratos
648 1097 776 1171 agros,
812 1076 1043 1173 frequentare
1058 1101 1136 1155 cre-

53 1187 243 1263 derentur:
292 1203 396 1264 orta
413 1187 464 1263 est
487 1185 711 1262 vetustissima
730 1187 792 1262 illa
807 1188 961 1286 religio,
989 1204 1030 1265 vt
1047 1213 1137 1268 con-

56 1301 170 1379 iterata
187 1301 272 1378 diis
294 1302 389 1377 loca
406 1314 443 1377 et
459 1304 564 1376 omni
578 1300 742 1377 humano
761 1301 824 1377 vsu
843 1314 1007 1391 exemta,
1036 1303 1140 1390 (aim.

61 1411 150 1508 μένα)
176 1439 263 1491 vna
297 1438 392 1491 cum
421 1413 518 1489 ieris·
532 1430 568 1489 et
591 1417 782 1502 armentis,
811 1417 960 1514 quaein
980 1419 1138 1493 iiserrass

63 1542 151 1620 rent,
188 1529 341 1605 intafia
363 1526 611 1616 sanarentur,
647 1545 760 1627 itque
784 1552 824 1604 ea
841 1528 939 1605 adire
954 1542 1017 1605 aut
1032 1532 1139 1630 quic-²

64 1664 164 1740 quam
194 1642 296 1718 inde
326 1640 529 1718 subducere
549 1641 650 1716 nefas
666 1641 883 1728 haberetur:
908 1654 948 1718 vt
961 1642 1053 1721 adeo
1070 1645 1138 1723 So-

64 1754 96 1832 is
121 1759 315 1833 armentis
357 1754 518 1830 maiiatis
542 1751 674 1859 Vlyffis
699 1754 786 1832 socii
809 1757 926 1854 impio
943 1770 984 1834 et
996 1759 1059 1834 vix
1070 1767 1139 1835 'ex-

68 1872 198 1968 piando
228 1869 370 1946 scelere
393 1868 428 1944 se
449 1866 623 1966 obligasse
644 1870 945 1950 existimarentur.
999 1869 1139 1972 Neque

71 1985 127 2060 alia
161 1988 379 2061 etiamnum
412 1982 615 2058 multorum
646 1982 885 2060 barbatorum
914 1983 964 2059 est
991 1985 1135 2084 religio.

72 2097 155 2174 Sunt
174 2098 289 2173 verbi
312 2093 428 2173 caniia
444 2099 483 2172 in
494 2096 646 2172 lacubus
664 2094 883 2185 Hutonenfi,
896 2111 934 2173 et
951 2095 1139 2197 superiore

74 2209 295 2298 canadenfi,
332 2209 470 2285 insulae
488 2208 634 2307 plures,
664 2234 752 2308 quas
773 2212 879 2286 certis
901 2207 1030 2287 Geniis
1049 2235 1141 2289 con-

24 2342 25 2345 ’
74 2325 221 2402 [ceratas
250 2337 291 2400 et
306 2325 351 2398 ab
372 2326 416 2400 iis
432 2324 587 2399 habitari
604 2325 755 2399 creditas
774 2348 886 2400 nemo
902 2325 1142 2402 barbarorum

77 2441 166 2516 adire
190 2437 290 2515 ausit
314 2434 374 2536 h).
435 2435 623 2535 Attingere
650 2451 792 2513 tantum
818 2438 976 2514 solemus
1000 2437 1089 2515 haec
1104 2453 1141 2516 et

75 2556 218 2634 {iriciim
239 2574 548 2638 commemorate,
579 2551 882 2650 quandoquidem
899 2553 1017 2639 iniis,
1045 2575 1141 2653 quae

52 2721 54 2725 ,
77 2683 132 2744 aut
161 2668 249 2743 satis
271 2666 441 2763 vulgata,
469 2667 616 2740 autlate
631 2665 834 2763 perplures
850 2664 1030 2765 populos,
1069 2681 1142 2743 ter·
1226 2661 1232 2672 ⁴

75 2806 126 2857 ms
150 2805 195 2857 ac
217 2779 384 2867 saecula,
413 2778 524 2877 sparsa
540 2777 648 2866 sunt,
674 2779 934 2878 exemplorum
951 2779 1142 2856 auctoritas

75 2895 270 2972 deiiderari
297 2915 365 2967 nec
388 2891 481 2967 solet
503 2914 573 2967 nec
598 2891 723 2989 potest.
762 2932 819 2945 -
881 2890 1023 2970 Verum
1037 2894 1144 2969 instat

73 3034 175 3086 nunc
193 3007 422 3084 sollennium
437 3005 665 3104 agendorum
682 3021 839 3106 tempus,
856 3006 1035 3106 iubetque
1049 3006 1143 3084 adeo

72 3123 246 3223 ipsa0festi
267 3119 340 3196 diei
361 3119 493 3217 religio
509 3117 578 3193 alia
595 3119 634 3193 in
654 3118 756 3196 aliud
773 3134 920 3219 tempus
940 3120 1085 3197 differre
1102 3143 1146 3196 ac

71 3238 231 3314 seruare.
301 3231 433 3321 Nunc,
469 3231 573 3331 quod
596 3232 686 3309 felix
707 3234 937 3333 faustumque
960 3231 1027 3324 fit,
1055 3233 1146 3310 dum

1 3357 3 3364 '
72 3351 306 3428 sollennium
324 3360 514 3447 apparatus
529 3344 581 3435 fit,

257 3519 331 3595 Vos
351 3520 394 3595 ite
409 3513 572 3603 affatum,
598 3528 695 3615 atque
710 3545 805 3618 opere
821 3542 942 3614 magno
955 3516 1065 3595 edicite

252 3631 323 3709 Per
336 3630 456 3720 vrbem,
471 3642 508 3704 vt
521 3655 636 3721 omnes,
653 3658 757 3710 arcem
774 3637 830 3734 qui
845 3637 976 3734 astuque
988 3629 1147 3720 accolunt,

1046 3746 1148 3835 Ciues,

139 4102 192 4188 g)
214 4096 251 4160 In
275 4096 449 4159 commem.
471 4095 510 4157 de
542 4095 678 4163 maribus
702 4095 784 4159 inter
805 4094 938 4179 Scythas
955 4094 1061 4159 morbo
1079 4092 1152 4177 effe·

197 4183 324 4246 minatis
342 4188 370 4241 et
386 4177 423 4241 cie
443 4177 705 4262 *hermaphroditis
724 4179 873 4245 floridae.
897 4183 929 4244 in
954 4180 1151 4243 Commenti-

196 4269 312 4330 tionib.
328 4263 400 4327 soc.
416 4263 453 4326 G.
471 4263 542 4330 Vol.
556 4264 580 4326 l.
598 4280 643 4341 17.

141 4406 190 4491 h)
214 4406 259 4473 Vt
282 4421 382 4473 nuper
403 4402 514 4464 iterum
544 4400 659 4465 Cae-ver
677 4404 801 4477 docuit,
831 4400 983 4482 (Traveis
999 4407 1030 4462 to
1044 4397 1151 4462 theim

158 4552 176 4562 „
197 4491 296 4555 im'or
308 4485 407 4549 Paris
419 4484 459 4564 of
468 4478 762 4566 North-Ameria)
775 4506 807 4577 p.
828 4503 899 4565 144.
921 4501 991 4562 134.
1008 4499 1037 4558 5.
