2580 4996
180 645 236 791 ’90
571 690 852 747 run-n·-

186 925 189 931 ·
294 889 471 971 Conditio
496 889 749 980 coloniarum,
782 903 821 968 vt
843 891 1045 984 sociorum,
1081 894 1238 986 maxime

180 1002 271 1080 dura
297 1019 334 1082 et
364 1004 549 1082 interdurn
571 1008 635 1081 vix
663 1005 852 1083 toleranda
875 1007 990 1084 videri
1007 1019 1148 1106 poterat
1163 1023 1239 1083 ma-

180 1119 281 1194 xime
294 1122 334 1195 in
349 1118 442 1208 hoc,
473 1117 576 1218 quod
598 1142 663 1218 pet
678 1122 853 1196 continua
870 1117 1124 1198 Romanorum
1141 1120 1240 1197 bella

179 1231 407 1330 stipendiaet
424 1232 557 1309 milites
574 1232 856 1330 imperabantur.
914 1231 969 1311 Ita
986 1235 1118 1335 opibus
1135 1247 1172 1309 et
1186 1235 1239 1307 vi-

179 1346 230 1420 ris
254 1346 436 1422 exhauriri
462 1369 522 1421 eas
539 1342 675 1422 necelle
692 1359 784 1422 erat:
813 1349 850 1421 in
869 1348 996 1424 iisdem
1016 1345 1120 1423 bellis
1139 1344 1238 1423 haud

181 1481 265 1535 raro
282 1461 327 1534 ab
344 1458 507 1536 hostibus
524 1457 685 1537 Romani
699 1463 859 1538 nominis
874 1473 1105 1560 oppugnatae
1119 1474 1156 1535 et
1174 1482 1239 1535 ex·

179 1585 364 1670 pugnatae
381 1572 487 1671 ipsae,
499 1596 585 1671 ager
603 1573 747 1651 incursu
766 1574 886 1652 hostili
900 1574 1060 1674 direptus
1076 1586 1113 1649 et
1130 1573 1239 1649 vasta-

179 1697 250 1761 tus.
317 1683 490 1785 Inprimis
513 1700 635 1762 autern
654 1686 755 1763 bello
771 1684 912 1764 Punico
928 1686 974 1765 ΙΙ.
995 1690 1133 1763 attritae
1153 1710 1240 1764 cum

177 1795 283 1888 sociis
307 1800 484 1876 coloniae.
545 1797 674 1898 ltaque
692 1824 725 1880 a.
748 1824 836 1894 545.
862 1798 950 1901 (qui
967 1815 1040 1877 erat
1057 1799 1145 1876 belli
1164 1801 1239 1876 fere

178 1910 1239 2004 decimus3continuatumtamenilludestinannumabhinc

147 2101 150 2103 ,
175 2021 392 2123 septimum)
410 2026 607 2104 deleilibus
624 2027 882 2128 stipendiisque
901 2027 1059 2104 exhausti
1075 2026 1161 2103 socii
1176 2026 1240 2103 de·

178 2139 328 2216 tretlare
353 2141 519 2218 militiam
528 2167 540 2236 ;
575 2165 660 2219 cum
686 2140 743 2217 his
768 2137 847 2217 XII
873 2165 919 2217 ex
936 2137 1061 2220 XXX
1080 2141 1238 2218 coloniis

178 2247 218 2330 P.
232 2249 276 2330 R.
295 2278 389 2355 quae
412 2267 630 2344 tumerent,
661 2267 860 2350 negauerunt
884 2251 964 2357 Coff.
982 2251 1053 2357 effe,
1077 2254 1160 2331 vnde
1177 2257 1238 2330 mi·

181 2366 250 2442 lites
264 2371 496 2468 pecuniamque
517 2368 654 2451 donanis
691 2374 862 2466 quotannis
875 2370 979 2469 ferme
1003 2368 1093 2445 clade
1114 2393 1237 2465 magna

170 2486 345 2581 pugnaris
370 2481 454 2560 alios
467 2487 502 2559 in
517 2487 584 2559 acie
601 2482 701 2559 accidi
710 2539 718 2567 ,
746 2482 828 2558 alios
842 2482 947 2558 morbi
962 2480 1104 2586 absumi,
1134 2486 1238 2580 magis

171 2597 284 2695 perire
300 2592 367 2699 fibi
388 2600 504 2683 ciuem,
542 2600 598 2695 qui
621 2595 665 2673 ab
683 2596 836 2673 Romano
851 2595 936 2672 miles
949 2594 1044 2671 ledus
1052 2599 1115 2698 stt,
1138 2622 1235 2695 qnam

177 2711 233 2806 qui
248 2736 270 2785 a
286 2707 546 2810 Poenocaplu13
576 2713 693 2811 quippe
711 2709 754 2786 ab
770 2709 854 2816 haste
870 2713 977 2806 gratis
992 2713 1111 2786 remitti
1126 2715 1159 2785 in
1171 2738 1238 2811 pa·

176 2825 292 2904 triane.
318 2820 362 2897 ab
372 2822 531 2900 Romanis
543 2837 638 2901 extra
656 2823 789 2901 Italiam
809 2821 982 2902 inexilium
997 2827 1121 2908 uerius,
1140 2850 1238 2922 quam

176 2939 212 3013 in
227 2934 373 3011 militiam
389 2936 545 3034 ablegari.
596 2935 818 3015 Detestabile
838 2936 951 3013 visum
967 2935 1156 3013 confilium
1174 2938 1238 3015 de-

175 3047 350 3124 treaandi
374 3075 528 3128 munera
550 3051 719 3139 militiae,
750 3075 769 3126 a
788 3073 864 3149 quo
883 3075 941 3126 eas
959 3050 1165 3150 castigando
1182 3055 1239 3128 in·

176 3151 436 3263 crepandoque
459 3167 582 3265 potius
606 3187 716 3264 quam
739 3165 870 3241 leniter
892 3163 1036 3263 agendo
1056 3164 1238 3244 deducere

173 3278 323 3379 placuit
400 3277 490 3355 Satis
519 3280 610 3355 adeo
634 3277 747 3354 visum
776 3279 824 3354 est
846 3277 1014 3367 Senatui,
1053 3279 1236 3378 postulare

173 3404 214 3479 vt
238 3393 453 3491 praeberent
478 3392 668 3480 coloniae,
698 3390 778 3480 etl1‚
807 3390 903 3467 vnde
920 3391 1126 3480 sumerent,
1157 3417 1215 3471 no‘

172 3505 352 3582 haberent
378 3510 436 3596 o).
503 3504 647 3599 Quarto
674 3504 748 3580 fere
775 3504 1007 3592 indemne,
1056 3505 1182 3582 demto

172 3614 307 3715 Poenis
332 3633 452 3708 metu,
487 3621 662 3696 memoria
679 3620 730 3693 rei
753 3620 917 3718 patribus
935 3631 1129 3706 renouata,
1161 3643 1195 3694 m

173 3732 347 3811 motabili
362 3757 447 3811 cum
465 3732 652 3810 seueritate
669 3731 897 3818 decernitur,
923 3743 962 3805 vt
979 3727 1059 3811 ΧΠ
1074 3731 1156 3807 illae
1173 3754 1200 3808 c<

1114 3845 1200 3922 loni:

239 4030 280 4111 a)
302 4030 368 4093 liv.
386 4028 522 4098 XXVll‚
539 4044 570 4106 9.
585 4023 688 4088 ‘lotus
705 4026 793 4093 locos
810 4030 854 4093 est
871 4028 1074 4109 graniillmos.
1117 4029 1200 4095 Vero

288 4115 371 4180 ouod
394 4136 448 4175 eae
478 4111 625 4177 Coloniae
640 4110 710 4174 ΧΠ.
733 4113 829 4176 altero
849 4113 918 4176 loco
941 4111 1065 4186 xxix,
1089 4130 1125 4190 15
1151 4113 1185 4179 D

287 4216 343 4260 rrae
363 4196 570 4276 appellantur,
605 4193 778 4271 scrupulum
803 4198 919 4267 inlicit.
953 4195 1008 4257 etsi
1031 4197 1171 4258 nullam'

287 4281 456 4342 molestiam
471 4284 602 4341 creatam
618 4278 786 4343 videamus.
808 4279 899 4340 Certe
915 4281 950 4339 in
963 4279 1162 4340 Latinarumc

288 4363 406 4423 uiarum
429 4380 558 4424 numero
580 4383 632 4424 eas
660 4361 762 4445 lntpp.
785 4359 874 4424 fuisse
887 4361 1011 4423 aliunde
1027 4380 1089 4422 non
1107 4382 1162 4423 con

287 4445 412 4509 Latinae
434 4444 582 4509 veredici
599 4439 681 4530 passe
697 4446 769 4531 qula
781 4445 814 4508 in
829 4444 919 4509 Latio
937 4442 1125 4518 timuerant,
1148 4463 1163 4509 r

286 4528 427 4593 dubitare
440 4527 525 4592 licet.
