2580 4996
198 1190 525 1296 ‚ecnouutnss
564 1185 820 1275 §EORGIAE
857 1181 1137 1257 Avovsrnr.

503 1323 858 1383 eeouecron

137 1382 256 1609 10.
331 1445 838 1596 tuomum
903 1445 1216 1593 noter:

246 1773 624 1864 ANNIVERSARIA
676 1767 1122 1855 INAVGVRATIONIS

422 1914 612 1998 SACRA
666 1913 940 1997 XXXXVI.

189 2105 235 2155 u
266 2103 303 2151 n.
333 2102 368 2147 n.
390 2097 523 2147 xvur.
545 2094 780 2142 tunctune.
803 2075 1172 2143 claiocccxxxnr.

546 2224 631 2266 lm
665 2223 818 2266 molera·

210 2476 452 2544 Foederatorum
476 2472 770 2559 rerumpublicarum
796 2470 915 2535 consitio
939 2471 996 2533 vix
1016 2486 1153 2575 unquam
1219 2495 1223 2501 ·

282 2586 366 2671 satir
380 2585 452 2676 fida
469 2586 614 2671 exemplis
633 2604 672 2648 ex
691 2584 872 2667 antiquitate
889 2580 1071 2668 illustratur.

147 2728 245 2806 Nata
274 2753 320 2803 ex
351 2702 525 2824 ternpore,
567 2725 774 2802 coeuntibus
807 2726 846 2796 in
867 2747 975 2815 remp.
1000 2720 1216 2797 foederatam

312 2860 500 2952 prouinciis
518 2859 753 2940 Americanis,
779 2855 1052 2930 Commentario.

151 3151 305 3385 Cum
321 3206 458 3285 multae
473 3231 515 3286 ac
531 3210 648 3285 variae
665 3231 721 3285 res
738 3205 827 3298 fint,
857 3202 1161 3295 Commisitonee,
1191 3227 1212 3282 a

270 3323 405 3421 quibus
421 3323 640 3423 repetendae
655 3322 737 3399 sunt
751 3317 907 3410 caussae,
936 3345 1002 3399 cut
1018 3345 1073 3396 res
1088 3319 1214 3420 pubii-

147 3454 211 3510 cae
226 3434 265 3509 in
282 3458 382 3524 earn,
409 3458 482 3535 qua
498 3450 667 3525 vtuntur,
696 3437 853 3514 sormam
872 3435 1095 3528 coaluerint3
1119 3450 1213 3511 tem-

146 3568 256 3646 pora,
289 3547 460 3625 locorum
484 3550 588 3641 irtus,
624 3564 744 3627 metus
769 3552 814 3627 ab
840 3554 1018 3639 externis,
1049 3552 1211 3627 rationes

147 3660 382 3750 domesticae,
410 3664 620 3762 prudentia,
646 3666 841 3754 temeritas,
867 3664 964 3741 casus
985 3663 1209 3757 acsortuna3

146 3795 270 3850 earum
296 3798 416 3851 rerum
443 3778 694 3877 publicarum,
734 3800 828 3877 quae
851 3778 973 3878 plures
995 3800 1150 3854 numero
1169 3766 1209 3853 in

146 3909 345 3970 commune
375 3890 506 3967 foedus
533 3906 688 3981 coeunt,
726 3907 763 3969 et
787 3908 963 3991 tanquam
987 3896 1024 3967 in
1053 3894 1208 3968 eandem

145 4001 350 4091 ciuitatem,
388 4004 451 4080 etsr
475 4029 550 4082 non
572 4006 701 4084 iisdem
721 4008 913 4083 moenibus
932 4006 1125 4094 inclusam,
1152 4009 1209 4082 in-

27 4194 32 4207 ·
146 4135 220 4212 que
235 4137 352 4191 vnum
370 4141 502 4217 corpus
517 4121 787 4221 imperiumque
804 4121 1069 4209 consociantur,
1092 4119 1208 4198 caussa

143 4227 298 4304 vinalia
323 4229 390 4306 esse
416 4231 508 4309 solet
524 4257 565 4309 ac
581 4237 716 4335 potest,
748 4259 860 4336 quam
881 4251 938 4325 vt,
967 4233 1068 4334 quod
1092 4237 1206 4312 robur

42 4369 46 4378 ·
142 4360 223 4418 nou
245 4341 383 4421 habent
407 4344 587 4446 singulae,
624 4349 662 4427 id
684 4352 937 4430 nanciscantur
957 4349 1142 4430 uniuersae
1166 4354 1206 4427 in

1090 4489 1208 4546 vnum
