2496 4936
464 596 750 630 ··“““““
1094 612 1144 687 57

54 774 124 877 epit
180 775 440 856 Gallorum
460 780 595 876 ingens
611 778 812 858 multitudo
830 782 868 859 in
894 807 983 883 agro
1010 780 1147 865 Latino

71 891 257 969 anlederat:
278 893 367 992 ipse
384 889 526 969 Latini
541 893 760 993 obsequium
768 895 1030 975 detrectabant:
1047 925 1144 1001 quos

71 1024 224 1084 nterrore
254 1021 488 1093 tenerent,
536 1030 619 1083 cum
643 1004 731 1084 fides
755 1033 831 1086 non
860 1010 1047 1103 tenuisset,
1081 1039 1145 1091 ex.

72 1120 180 1200 talete
195 1146 361 1199 omnes
379 1122 536 1220 imperii
559 1125 651 1198 vires
676 1122 826 1199 Senatui
846 1124 1002 1222 placuit,
1034 1125 1076 1205 X
1091 1130 1145 1205 le·

74 1237 167 1332 pones
182 1237 369 1337 scriptae
388 1241 455 1328 o).
515 1233 616 1312 Inter
639 1235 729 1312 haec
749 1233 901 1314 Liuius:
938 1243 1039 1317 Mare
1063 1245 1145 1341 inse·

51 1433 52 1437 Ἰ
71 1354 127 1445 firm
140 1350 302 1456 cuffiam
333 1351 546 1426 Graecorum
566 1361 656 1439 erat,
694 1377 816 1450 oraque
837 1353 960 1429 littoris
981 1354 1143 1444 Antiatis,

46 1567 47 1571 Ἰ
77 1463 270 1566 laureasque
287 1462 445 1548 troilus.
471 1475 502 1537 et
524 1463 648 1542 liberis
662 1469 766 1565 ostiae
794 1479 831 1539 vt
847 1468 1029 1565 praedones
1043 1474 1144 1547 mari·

78 1582 209 1656 laicum
227 1576 609 1681 tmellribuseongreffi
630 1582 766 1678 ancipiti
774 1581 872 1683 semel
890 1585 1016 1677 proelio
1038 1585 1144 1660 decem·

77 1698 170 1774 mint.
204 1732 267 1748 -
302 1690 353 1769 Et
371 1715 471 1769 anno
497 1693 689 1792 sequente:
726 1694 1062 1775 Graeci-Italiam
1089 1726 1142 1783 re·

38 1854 43 1885 2
79 1807 189 1904 lanne.
264 1807 374 1884 Cuius
385 1810 574 1905 populien,
602 1810 749 1906 caiusque
763 1814 885 1905 gentis,
912 1812 1012 1914 claffo
1022 1815 1138 1911 faerit,

80 1925 144 1999 eiiii
154 1928 243 2000 terli
256 1928 326 2022 estr
357 1926 496 1999 maxime
510 1920 640 1999 Simiae
659 1934 818 2026 tyrannos
828 1921 924 2026 smffl
941 1925 1139 2008 crediderim.

80 2034 145 2114 Nee
161 2037 270 2115 male
295 2036 371 2110 hoc
395 2037 550 2114 credidit
573 2032 721 2130 Liuius;
764 2038 922 2113 dubitari
950 2042 1049 2115 enim
1077 2045 1141 2116 vix

40 2197 41 2200 =
78 2155 204 2249 potest,
239 2148 418 2247 Dionyfii
433 2153 587 2228 iunioris
606 2145 749 2226 classem
768 2175 849 2226 eam
872 2148 984 2227 inille.
1043 2153 1143 2230 Nam

75 2266 248 2368 irpaullo
266 2278 354 2339 ante
368 2261 440 2353 (V.
460 2262 501 2343 C.
527 2269 631 2359 398)
656 2263 836 2365 Syracusis
860 2264 992 2342 eiellus
1017 2267 1056 2343 in
1071 2264 1143 2344 Ita·

75 2381 115 2459 lia
143 2387 247 2461 circa
273 2375 415 2468 Locros
440 2379 671 2468 consederat,
722 2380 843 2455 donec
867 2380 982 2456 altero
1006 2380 1141 2458 abhinc

75 2520 166 2574 anno
192 2519 296 2592 407.
324 2495 459 2569 iterum
480 2492 668 2595 Syracusas
698 2495 845 2591 recepit.
919 2490 987 2569 Per
1011 2494 1141 2577 decent

26 2532 32 2686 i
73 2609 135 2688 hos
155 2633 285 2688 annos
302 2610 341 2683 in
361 2602 558 2685 Locrenses
585 2605 701 2682 multa
725 2606 920 2684 libidinose
945 2631 987 2685 ac
1010 2607 1141 2685 crude·

27 2696 30 2764 ³
73 2724 148 2803 liter
164 2717 344 2802 statuerat
360 2718 426 2816 b);
454 2746 524 2799 nec
545 2723 667 2797 minus
691 2718 816 2798 Italiae
840 2721 963 2798 littora
991 2721 1139 2800 latroci-

26 2871 29 2918 ῑ
71 2843 134 2918 aiis
150 2839 285 2917 infesta
300 2832 420 2914 feciffe
445 2836 600 2912 videtur.

47 2607 50 2618 t

31 2621 48 2689 s

23 3157 25 3160 ‚
179 3065 303 3145 Poeni
325 3067 753 3162 intereaintentaagere,
783 3075 822 3138 vt
839 3063 1034 3163 imperium
1046 3060 1140 3141 Afri·

20 3168 26 3334 p
76 3204 133 3258 cae
145 3182 372 3280 Siciliaeque
389 3178 653 3279 amplificarent
675 3188 712 3252 et
724 3175 930 3263 firmarent,
959 3175 1139 3255 Romania

78 3297 245 3373 nondum
259 3295 306 3372 ad
325 3295 358 3371 se
377 3297 576 3393 quicquam
595 3290 728 3368 horum
756 3294 938 3389 pertinere
961 3293 1138 3368 arbitran-

78 3405 246 3509 tibure).
305 3407 477 3507 Inprimis
501 3430 590 3484 vero
614 3403 803 3504 Hispanias
834 3404 886 3479 l'ui
909 3405 1053 3504 imperii
1085 3429 1139 3481 ar·

25 3558 27 3564 ⁸
81 3543 175 3616 cem,
205 3525 352 3601 suarum
373 3546 491 3622 opum
507 3545 549 3598 ae
574 3522 764 3618 copiarum
791 3519 926 3608 robur,
957 3509 1139 3596 commer-

631 3628 723 3726 D5
993 3636 1138 3713 ciorum

135 3889 178 3968 a)
197 3903 313 3967 42ooo
327 3884 464 3967 peditto,
487 3878 706 3962 noooequitea.
749 3877 828 3942 Nam
844 3876 1000 3960 legionem
1014 3888 1137 3961 quater·

183 3991 260 4033 num
276 3970 407 4031 millium
423 3978 456 4030 et
475 3969 664 4029 ducenorum
682 3963 840 4041 pediturn,
864 3965 1066 4047 equitumque
1076 3975 1138 4026 tre.

20 4125 25 4191 1
182 4074 331 4127 cenorum
346 4049 453 4124 foisse,
479 4050 563 4111 addit
579 4047 645 4111 [ἰν.
656 4046 733 4116 Vll,
750 4063 803 4121 25.

20 4193 22 4247 ς
134 4163 175 4247 b)
195 4163 278 4229 Nota
296 4185 345 4228 ree
360 4184 397 4225 ex
416 4160 549 4225 historiis
567 4159 660 4220 leuius
674 4156 825 4236 temporie
851 4177 879 4221 v.
895 4155 1006 4223 Strabo
1024 4154 1079 4222 Vl.
1103 4176 1135 4236 p.

20 4253 22 4275 ³
183 4268 257 4328 397.
281 4247 322 4312 D.
350 4256 383 4309 et
404 4245 443 4309 nl.
467 4267 495 4308 v.
523 4244 630 4325 Progr.
659 4241 699 4304 de
722 4240 847 4304 Locroe.
878 4261 943 4323 rep.
966 4239 1005 4303 ll.
1031 4238 1085 4304 sub
1110 4240 1135 4303 f.

184 4329 567 4416 (opunnnnpsq.)

130 4445 169 4526 c)
191 4445 261 4511 Lir.
279 4440 341 4521 Ν.
364 4458 418 4524 29.
