2496 4936
139 683 193 754 60
530 695 814 754 εει-

135 881 232 956 inter
247 872 439 957 Romanos
454 887 492 954 et
504 872 672 968 Poenos,
696 880 811 978 inque
827 903 873 957 eo
889 877 983 958 adeo
996 902 1117 959 nouae
1137 882 1203 960 ad·

135 993 246 1070 iudae
270 992 504 1070 conditiones
525 991 609 1067 sunt
637 1014 707 1090 pro
737 1003 947 1095 temporum
972 995 1124 1074 illorum
1146 1021 1202 1073 ra·

135 1108 312 1192 tionibus.
387 1103 573 1183 Videntur
605 1102 723 1182 Poeni
752 1110 894 1207 priores
918 1107 1039 1187 adiiffe
1065 1109 1203 1190 Roma·

134 1218 205 1299 nos
234 1220 293 1322 ir).

243 1385 511 1491 Compreheufi
526 1385 600 1463 hoc
622 1385 771 1465 foedere
794 1411 815 1464 a
843 1385 1203 1490 Carthaginieniibus

142 1506 256 1612 Tyrii,
285 1507 504 1604 inquorum
525 1514 687 1579 extrema
711 1516 877 1602 tempora
902 1504 991 1581 haec
1016 1506 1198 1595 incidunt,

133 1635 173 1697 et
196 1616 386 1696 Vticenses
412 1639 498 1691 cunr
528 1638 658 1692 eorum
683 1614 798 1693 sociis.
864 1615 967 1694 Inter
990 1617 1126 1720 Tyrios
1162 1633 1202 1695 et

132 1729 446 1830 Carthaginienses
487 1743 616 1805 mutua
663 1726 766 1806 fuiffe
811 1754 934 1808 rerum
976 1737 1197 1810 commercia

132 1869 246 1925 nemo
264 1844 408 1920 dubitet
424 1836 474 1944 i).
533 1839 723 1920 Vticenses
744 1845 816 1919 ianr
837 1859 921 1920 aute
938 1842 1198 1945 Carthaginem

130 1960 323 2039 'conditam
340 1980 381 2034 ea
407 1956 490 2034 loca
511 1955 734 2052 insederant3
772 1953 898 2034 Postea
923 1961 962 2033 in
988 1960 1196 2061 societatem

131 2071 318 2179 pertradis
351 2071 500 2148 tandem
530 2070 695 2171 obsequii
725 2070 908 2149 neceffitas
931 2072 1099 2173 imposita
1127 2068 1196 2174 k),

131 2188 196 2266 etfi
226 2187 399 2276 meliore,
442 2207 554 2287 quam
586 2188 719 2273 ceteri,
769 2184 986 2266 conditione
1017 2184 1119 2266 iuiffe
1144 2190 1196 2263 vi-

131 2304 275 2382 dentur.

137 2553 141 2561 ,
243 2469 272 2546 Ι.
328 2463 592 2544 Promontorio
619 2461 780 2542 Pulchro
804 2480 908 2543 antea
932 2491 1001 2567 pro
1033 2471 1193 2546 termino

129 2582 375 2688 nauigationis
387 2581 585 2658 constituto
598 2578 784 2655 adduntur
801 2584 1037 2685 nuncMnstin
1052 2600 1089 2658 et
1109 2582 1195 2662 Tar-

122 2701 227 2809 seium
250 2693 300 2800 i).
361 2691 459 2772 Cum
475 2691 683 2802 anteavltra
700 2715 785 2770 eum
805 2699 1003 2772 terminum
1020 2697 1193 2796 nauigare

1091 2814 1194 2889 vetiti

191 2969 234 3052 u)
255 2966 322 3032 Liv.
339 2964 415 3035 VH.
432 2983 484 3034 27·
502 2999 543 3012 -·
561 2973 672 3030 etcum
693 2966 990 3054 Carthaginienfibus
1001 2969 1112 3051 tegatis
1130 2967 1193 3033 Ro·
1241 2993 1247 2999 ·

242 3047 556 3220 arnevssieffdetssrtidum,
581 3069 676 3134 quum
689 3054 850 3117 amicitiam
865 3072 900 3116 uc
906 3051 1076 3134 societatem
1089 3061 1193 3138 peteu-

190 3250 225 3329 i)
245 3246 287 3310 cf.
310 3246 377 3309 Liv.
393 3242 548 3317 XXXW.
566 3249 618 3311 61.
644 3245 695 3309 vti
718 3248 823 3328 Tyrus
844 3255 872 3310 at
895 3247 957 3312 alia
979 3249 1130 3329 emporia,
1160 3250 1192 3312 in

242 3348 319 3415 qrtue
334 3327 509 3412 frequentes
526 3338 689 3393 commeant
703 3330 983 3411 Carthaginienses.

190 3442 233 3524 it)
255 3436 437 3504 Praefidiom
455 3437 604 3500 Punicum
622 3439 758 3504 habuiffe
776 3439 924 3518 leguntur
938 3460 986 3522 ap.
1003 3438 1095 3504 Diod.
1114 3440 1192 3507 Ero.

240 3524 281 3588 T.
294 3521 333 3586 tt.
350 3526 462 3602 osny.
487 3519 580 3585 Wess'.
596 3523 727 3603 Appian.
749 3522 783 3586 Τ.
800 3523 821 3585 Ι.
845 3530 937 3603 aas.
987 3522 1079 3585 Forte
1098 3525 1191 3586 eriam

241 3604 315 3668 belli
332 3604 399 3666 iure
417 3603 447 3664 io
465 3601 578 3666 fatiem
594 3619 675 3675 erat.
706 3603 747 3669 cf.
767 3605 875 3686 Po!yb.
897 3607 926 3676 Ι,
950 3617 1002 3677 88.
1056 3606 1193 3671 Detesta-

130 3762 133 3769 ,
239 3688 311 3752 bilis
326 3687 378 3748 iila
392 3686 543 3749 bellorum
562 3685 735 3755 neceffitat.
756 3708 835 3767 quae
851 3688 956 3768 coegit
968 3689 1092 3753 tributio
1112 3701 1193 3753 atte-

239 3792 306 3834 rere
322 3768 440 3846 socios,
471 3770 554 3832 inter
573 3784 696 3834 eeteror
720 3770 819 3834 socios
842 3783 874 3833 et
897 3771 1073 3835 foederator
1097 3775 1190 3838 etiam

239 3852 400 3923 Vticenser
416 3854 493 3916 adeo
506 3853 618 3916 animia
634 3875 650 3915 a
666 3854 830 3937 Metropoli
853 3855 1055 3930 abalienauit‚
1077 3868 1110 3920 vt
1131 3859 1193 3937 pri·

129 3952 133 3960 '
239 3936 427 4001 marabello
450 3938 708 4001 mercenariorum
732 3938 831 4003 statim
860 3940 1059 4015 accederent,
1089 3943 1191 4022 postea

239 4031 272 4084 vt
287 4019 435 4084 Romania
453 4019 483 4082 se
498 4021 662 4095 dederent,
685 4043 764 4104 quae
777 4042 825 4084 rer
839 4022 995 4085 excidium
1012 4022 1192 4105 Carthagini
1218 4042 1221 4048 ·

238 4101 417 4166 maturauit.
439 4102 546 4186 Poiyb.
562 4103 602 4168 T.
615 4105 654 4168 u.
669 4125 700 4188 p.
711 4118 789 4180 803.·
799 4104 832 4166 in
843 4105 918 4170 ure.
959 4106 1092 4171 Iniuriae
1105 4111 1192 4170 coio-

239 4187 302 4249 niia
318 4197 351 4249 et
368 4184 537 4251 foederatis
555 4187 657 4252 illatas
677 4187 851 4273 grauissime
869 4186 1011 4271 exposuit
1031 4191 1114 4254 idem
1137 4191 1179 4255 lib

239 4269 272 4343 1.
288 4289 315 4332 c.
332 4287 384 4350 72.

190 4382 224 4464 i)
245 4379 299 4442 rori
317 4379 411 4442 καλοῦ
433 4377 631 4461 ἀκρωτηρίου,
653 4379 809 4456 diarriae,
836 4379 987 4462 Ταρσηΐου
1009 4381 1053 4463 μή
1079 4381 1172 4462 aar&

238 4461 312 4546 edat
331 4461 654 4544 driniua‘l'uuou'oue,
674 4466 749 4547 μηδὲ
762 4465 1000 4548 ἐμπορεύεσθαι,
1016 4467 1089 4547 μηδὲ
1105 4469 1161 4584 ξόλ

949 4580 954 4589 -
1058 4555 1145 4637 ari-30
