710 1331
115 213 155 232 28ss
314 213 455 223 “—

113 260 205 280 deterior-a
212 259 318 285 amplexus,
333 265 367 279 rex
373 259 428 279 Ponti
436 260 530 280 constituit
537 261 556 281 in
565 261 604 281 Alia
613 268 652 282 ma-

112 295 167 311 nere,
186 292 206 307 vt
220 292 238 307 et
249 289 301 313 regni
315 288 360 307 fines
373 292 462 308 tutaretur
473 293 493 308 et
500 290 585 315 proxima
595 296 652 315 quae-

113 323 151 343 que
164 320 268 341 occuparet.
299 316 367 336 Ortum
379 318 404 336 ita
414 317 485 337 bellurn
493 318 650 338 Mithridaticum:

113 345 167 371 quod
175 351 218 365 curn
226 346 306 370 primum
315 345 384 364 viribus
393 345 428 364 suis
436 345 552 371 aliquantum
560 347 652 367 sustinuis-

112 374 148 397 set,
166 373 251 399 posthaec
262 373 309 392 milit
316 373 339 392 ad
348 379 410 398 regem
420 373 527 397 Armeniae,
542 374 651 400 Tigranem,

112 408 202 428 generum
216 402 280 424 suurn,
304 402 327 421 ad
343 401 435 424 Arsacem,
457 402 566 422 Parthorum
580 410 651 428 regem.

111 431 182 451 socium
196 433 214 450 et
228 431 318 452 amicum,
338 433 378 449 tum
392 430 414 449 ad
428 436 480 455 reges
493 431 555 456 Syriae
564 435 582 451 et
590 431 653 458 Aegy-

111 460 149 485 pti,
167 463 187 478 vt
198 465 246 478 arma
256 458 316 478 secum
327 459 435 483 iungerent;
453 459 533 479 Thraces
543 466 620 485 quoque
630 467 653 481 ac

111 487 208 513 Scythicos
217 487 297 512 populos
305 487 410 506 sollicitauit
417 486 448 511 p):
464 487 540 507 caussam
551 488 595 508 belli
602 490 652 508 odii.

112 521 149 541 que
161 516 179 534 in
191 515 287 535 Romanos
301 515 406 534 concitandi
420 516 533 540 praebebant
542 517 605 536 iustam
615 517 652 537 Ni-

112 544 196 564 comedis
205 543 300 569 Bithyniae
311 544 359 568 regis
371 544 457 566 iniuriae,
474 550 519 569 quas
529 544 609 564 Romani
618 550 651 565 aut

111 572 248 592 diffimuiabant
259 576 291 591 aut
305 576 366 597 aperte
378 572 506 592 defendebant.
541 573 581 593 Nec
596 574 650 594 facile

112 601 156 620 alias
167 604 204 620 mm
215 600 263 620 clare
274 601 367 625 apparuit,
385 600 466 620 Romani
477 601 543 620 bellica
552 602 619 621 virtute
631 607 650 622 et

111 629 189 651 confixio
198 633 288 654 quantum
296 628 413 653 l'upetess'ent3
428 628 459 648 etii
468 630 518 648 enim
528 629 592 649 Italico
598 631 649 650 bello

109 654 253 683 vpremebantur¹
271 660 289 676 et
303 657 366 682 paullo
378 657 418 682 post
430 657 500 677 bellum
511 658 566 678 ciuile
575 663 650 679 motum

111 690 159 708 erat,
182 685 326 705 distrahebantur
338 688 399 704 autem
414 685 499 705 dueum
494 687 557 711 iurgiis
569 690 587 706 et
602 688 650 707 dissi-

111 714 146 733 diis
158 714 240 733 ciuitates
248 717 266 733 et
275 714 390 738 prouinciae,
406 714 475 739 ipsique
485 719 561 739 propter
571 715 650 737 cauffam

110 738 156 761 'beni
167 742 251 761 iniustam
258 742 305 760 odiis
313 742 397 761 omnium
406 742 523 765 laborabant,
538 743 593 763 fausta
601 750 651 769 quo-

107 776 148 799 que
160 770 263 789 Mithridati
278 770 322 790 belli
337 774 389 789 erant
397 771 458 792 initia,
477 771 501 790 ita
509 775 529 790 vt
537 772 605 791 vidum
615 772 649 792 Ni-

107 796 209 818 comedern
220 804 279 823 regno
292 802 377 821 exueret,
398 798 441 818 inde
455 798 551 824 Phrygiam
566 801 648 823 intraret,

109 831 207 852 totamque
220 827 278 846 Afiam
289 826 338 846 suam
346 827 423 848 faceret.
443 827 463 846 in
474 828 511 852 ipsa
522 834 579 853 porro
591 828 648 848 Grae.

109 856 137 875 cia
151 856 231 875 Athenas
240 861 300 875 arcem
310 861 367 880 opum
378 855 461 874 haberet:
476 855 537 875 miffae
546 860 606 876 tamen
616 858 649 877 ad<

109 884 171 904 versus
189 890 232 904 eurn
249 884 314 909 copiae
330 884 350 902 in
364 883 405 902 illas
424 884 469 908 ipsas
484 886 600 909 prouincias,
628 890 647 905 et

110 912 182 932 coaGus
196 913 227 931 ille
239 912 264 931 est
276 912 340 937 paullo
351 912 395 944 post*
400 912 452 931 vitias
460 912 522 932 Sullae
530 913 573 933 dare
579 920 646 934 manus

110 944 129 960 et
137 941 186 966 pacis
196 940 313 960 conditiones
321 940 405 965 quamuis
414 941 486 965 iniquas
495 942 582 966 accipere
597 941 646 962 Cum

109 973 172 988 autern
188 969 317 989 Romanorum
337 968 406 988 ducum
424 969 501 988 auaritia
513 973 533 988 et
544 970 647 990 ambitione

109 998 176 1017 iterum
188 1003 210 1017 ac
222 998 277 1016 tertio
290 997 312 1016 ad
328 1003 376 1016 arma
391 997 477 1016 sumenda
489 997 549 1017 fuiss'et
564 998 646 1018 adastufl:

109 1025 145 1050 (V.
155 1025 176 1045 C.
188 1027 234 1049 677
236 1025 244 1050 )
256 1025 331 1045 Sertorii
342 1024 375 1044 ille
383 1020 493 1044 Luiitaniam
502 1027 581 1046 tenentis
590 1027 646 1047 socie-

109 1057 145 1074 tate
159 1055 225 1079 petita.
244 1053 325 1079 Tigrane
334 1059 411 1078 quoque
419 1053 441 1073 ad
449 1059 498 1073 arma
507 1054 600 1079 iungenda
606 1056 646 1080 pel-

108 1082 162 1106 Ῑεᾱο,
172 1082 253 1116 barbgirie
260 1082 388 1107 septentrionis
396 1088 406 1101 e
411 1081 483 1101 sedibus
488 1082 524 1102 suis
530 1083 614 1103 extrassis
619 1084 645 1109 q),

558 1117 646 1132 numero-

215 1127 219 1135 ι

138 1151 159 1171 p)
170 1150 235 1171 Appi-u.
245 1149 314 1166 Mithrid.
324 1154 349 1169 ¹⁵·

139 1173 159 1192 q)
169 1171 207 1188 ibid.
215 1172 261 1192 e.67.
270 1172 296 1189 ⁶8.
304 1172 329 1191 ⁶9.
337 1173 364 1191 γε.
