2572 5070
454 466 736 524 ξ
1050 471 1129 545 281

77 642 304 748 spirantes).
370 648 478 744 Quae
517 653 616 727 enim
658 666 740 728 ante
772 650 810 729 id
839 666 984 757 tempus
1010 654 1134 755 passam

79 779 400 840 commemorantur
426 779 490 841 aut
510 756 726 841 Latinorum
752 770 848 844 inter
863 770 918 857 se,
948 785 1010 844 aut
1028 767 1134 847 Etru·

21 868 23 890 ³
79 871 228 965 lcorum,
269 895 334 967 aut
361 881 470 954 etiam
499 881 689 978 utriusque
712 881 842 980 populi
869 885 908 957 in
933 881 1032 960 idem
1058 875 1135 959 loe-

7 1019 13 1036 -
79 983 134 1063 dus
161 988 331 1066 aduersus
357 989 547 1069 Romanos
576 997 761 1083 coeuntis,
794 994 997 1093 passiones,
1025 1001 1135 1072 vtin-

79 1113 123 1175 ter
152 1105 290 1179 vicinas
312 1121 460 1202 gentes,
500 1107 678 1204 imprimis
706 1107 890 1193 barbaras,
929 1108 1006 1185 ficri
1030 1107 1132 1199 solet,

76 1219 187 1310 potius
212 1216 259 1291 ad
289 1220 362 1294 vim
389 1218 643 1317 depellendam
663 1234 701 1296 et
718 1219 979 1310 ulciscendam,
1013 1223 1134 1299 adres

75 1328 302 1427 repetendas,
336 1349 399 1408 aut
421 1333 473 1409 ira
490 1332 654 1431 odioque
673 1334 803 1410 iniuria
821 1348 967 1435 accepta
984 1351 1134 1434 repente

21 1451 22 1455 '
75 1455 233 1532 exorto,
253 1445 364 1520 initae
389 1445 542 1522 fuerant.
601 1440 661 1522 Est
684 1469 730 1523 ex
754 1447 828 1524 hoc
850 1471 985 1558 genere
1003 1448 1134 1526 foedus
1177 1539 1180 1543 p

72 1554 159 1632 inter
168 1552 341 1646 Latinos,
376 1556 529 1636 Sabinos
548 1571 584 1634 et
600 1553 781 1649 Etruscos,
809 1560 954 1661 padum
968 1560 1137 1639 subTar·

71 1671 196 1767 quinio
220 1670 360 1748 seniore
384 1672 482 1771 apud
509 1669 752 1769 Dionysium3
788 1673 889 1769 (ΙΙΙ,
916 1699 975 1768 51.
1001 1675 1082 1772 57.)
1101 1673 1135 1756 wli

68 1784 181 1877 modo
204 1783 358 1862 'homini
386 1788 535 1889 antiqua
561 1789 600 1862 in
630 1790 747 1863 maius
766 1791 916 1887 augenti
933 1801 969 1866 et
987 1792 1135 1873 ornanti

68 1892 155 1973 fides
171 1896 339 1974 habenda
365 1899 425 1989 est,
484 1897 626 1977 Verum
643 1900 756 1990 illud,
788 1902 891 2001 quod
904 1901 1031 2001 paullo
1047 1892 1133 1978 ante

67 2009 247 2102 diximus,
286 2008 505 2090 Latinorum
526 2016 566 2088 in
581 2010 770 2091 Romanos
788 2013 918 2092 foedus
938 2027 1042 2093 tanto
1058 2037 1135 2090 ma·

66 2127 121 2222 gia
153 2140 288 2202 terrere
321 2140 466 2225 poterat
494 2123 704 2216 Romanos,
751 2127 854 2227 quod
886 2127 1035 2205 eosdem
1064 2125 1136 2204 La·

67 2241 165 2314 tinor
195 2253 302 2314 antea
333 2239 450 2317 socios
485 2243 698 2342 amicosque
722 2239 943 2335 habuerant3
983 2240 1134 2339 sapienti

64 2356 164 2428 enirn
191 2350 344 2429 consilio
372 2356 572 2456 suntantea
601 2353 749 2432 Seruius
775 2353 923 2434 Tollius
942 2355 980 2433 id
998 2370 1133 2453 egerat,

64 2480 104 2540 rt
138 2465 376 2544 concordiam
412 2469 508 2544 inter
541 2465 731 2545 Romanos
758 2481 795 2546 et
821 2465 972 2546 Latinos
1002 2469 1135 2546 consti·
1184 2505 1186 2511 ·

64 2593 202 2668 rueret,
248 2603 415 2679 moxque
438 2579 663 2680 Tarquinius
688 2581 778 2659 alter
809 2582 846 2687 id
871 2581 1059 2704 effeperat,
1095 2586 1137 2659 'vt‘

63 2707 261 2791 utcumque
296 2694 482 2793 populum
517 2696 554 2770 in
596 2716 773 2794 magnum
806 2695 937 2773 foedus
971 2709 1132 2795 cogeret,

64 2804 310 2883 cuius-Roma
339 2821 448 2906 caput
473 2805 575 2896 esset,
613 2808 710 2885 feriis
741 2830 893 2908 quoque
919 2810 1057 2885 Latinis
1078 2810 1134 2884 in-

62 2919 212 3009 stitutis,
262 2922 397 3022 quibus
427 2923 616 3020 utriusque
645 2921 775 3020 populi
796 2936 1001 3005 conuentus
1024 2920 1140 2999 habe-⁸

62 3050 190 3110 rentur
221 3039 277 3127 c),
335 3033 449 3112 Nunc
480 3034 577 3110 idem
598 3033 822 3133 Tarquinius
851 3035 938 3110 vrbe
961 3033 1133 3132 expulsus

62 3171 141 3224 non
160 3145 320 3238 Romae,
356 3148 415 3225 sed
432 3148 519 3239 srbi,
548 3149 794 3250 principatum
811 3146 919 3223 illum
935 3142 1131 3237 vindicare,

60 3262 234 3338 iniuriam
253 3262 350 3338 suam
371 3277 545 3362 tanquam
565 3262 717 3337 illorum
737 3284 973 3338 communem
993 3260 1140 3349 iasiare,

62 3377 250 3451 audaciam
281 3379 420 3452 ciuium
454 3379 492 3452 in
526 3389 665 3451 metum
690 3391 726 3451 et
751 3375 989 3473 suspicionem
1019 3374 1133 3450 addu-

62 3512 166 3582 cere3
203 3513 288 3566 cum
315 3488 520 3590 Tarquinio
542 3513 656 3589 gener
675 3487 883 3577 Mamilius,
917 3485 1039 3566 Latini
1064 3511 1133 3565 no·

61 3604 172 3678 minis
195 3607 384 3702 princeps,
423 3622 462 3679 vc
484 3605 584 3682 socer
601 3601 834 3679 reduceretur
850 3604 889 3678 in
904 3604 1050 3692 vrbem,
1081 3601 1132 3677 la·

47 3716 202 3795 borare.
275 3715 367 3794 lrae'
387 3718 483 3797 faces
515 3741 667 3818 quoque
700 3718 938 3794 subiiciebant
974 3715 1132 3794 Fidenae

676 3830 700 3907 S
735 3850 778 3923 5·
990 3845 1129 3930 captae,

125 4038 161 4116 b)
184 4038 312 4122 Dionys.
329 4038 368 4113 V,
388 4040 548 4122 5o.⁶1sq.
578 4037 645 4101 [ἰν.
663 4035 708 4110 ΙΙ,
734 4046 782 4107 18.

125 4143 158 4225 c)
179 4142 309 4225 Dionys.
335 4141 389 4217 lv,
411 4159 451 4244 ξς
474 4144 516 4223 sq.
538 4159 578 4223 45
601 4140 640 4223 sq.
660 4143 728 4204 add.
754 4141 819 4205 liv.
836 4138 866 4211 Ι,
891 4134 942 4218 45.
961 4135 1059 4280 wlff.
1077 4135 1131 4217 qui

171 4245 235 4288 rern
260 4228 297 4287 ad
319 4227 442 4289 exordia
466 4246 562 4306 opum
587 4226 796 4291 Romanarum
811 4225 907 4309 louge
924 4223 1024 4306 grauis
1049 4239 1129 4283 marn

169 4308 264 4375 nimia
285 4310 398 4377 leuiter
412 4309 528 4396 attigit.
