2586 5078
481 114 765 173 ΕΞ..
1079 125 1159 202 247

89 298 213 490 quigem
230 301 364 406 sacram
391 255 582 399 onmium
603 272 823 377 litteraturam
848 295 1039 399 spettaret,
1076 310 1163 402 proi

86 438 136 514 po
165 429 220 491 ta:
245 505 247 511 ,

89 580 204 658 Sacris
222 580 364 656 'litteris
391 577 584 680 perfectius
614 577 866 676 intelligendis
893 578 1053 659 multum
1069 603 1159 656 con·

144 695 240 771 ferre
266 693 385 794 potest
408 691 666 770 calendarium
696 689 913 770 Palaestinae
943 696 1160 770 oeconomi-

145 831 251 896 cum,
272 819 331 883 'ex
347 809 538 884 itinerariis
557 805 772 883 collettum:
800 829 877 906 quo
898 807 988 905 quid
1005 810 1158 884 nomine

142 920 392 1019 intelligamus
427 919 688 999 definiendum.
761 915 955 997 Enotanda
995 922 1077 996 sunt
1112 944 1159 997 ex

144 1037 336 1110 itinerariis
367 1035 412 1112 ad
448 1057 578 1111 omnes
607 1037 693 1111 anni
725 1035 885 1123 menses,
931 1034 1155 1134 pluuiarum,

145 1152 309 1239 nimum,
341 1148 437 1226 coeli
464 1148 601 1237 sereni,
632 1160 816 1248 tempora,
846 1152 963 1250 magis
978 1153 1017 1225 in
1033 1146 1157 1225 Palae-

143 1263 252 1351 stim,
292 1285 404 1362 quam
433 1264 558 1340 nostro
582 1260 646 1338 sub
674 1261 875 1338 decliuiore
900 1261 1029 1351 coelo,
1070 1263 1155 1338 stata

143 1400 185 1452 ac
212 1392 327 1461 certa,
357 1375 525 1466 sationis,
559 1374 678 1464 floris,
711 1378 925 1473 maturitatis
947 1375 1152 1476 meffisque,

142 1492 270 1579 tritici,
313 1514 421 1579 zeae,
457 1489 606 1578 hordei,
637 1511 791 1586 oryzae,
829 1489 941 1580 milii,
980 1491 1155 1566 arborum

82 1638 87 1647 ·
142 1626 296 1703 quoque
323 1619 359 1679 et
381 1603 595 1692 herbarum,
631 1604 766 1704 quibus
789 1601 940 1693 florent,
975 1617 1156 1680 maturos·

77 1778 79 1781 a
142 1740 216 1817 que
245 1717 380 1794 fruetus
407 1717 617 1816 legentibus
641 1716 821 1806 offerunt,
860 1716 1064 1794 vindemiae
1081 1740 1157 1793 ma·

142 1835 265 1921 xime,
314 1855 398 1908 curn
435 1834 574 1930 primae
594 1845 683 1931 ¹tum
710 1829 898 1907 secundae.
964 1829 1158 1908 Eiusmodi

141 1968 231 2043 ergo
269 1943 517 2021 calendarium
550 1958 589 2021 vt
619 1967 666 2020 ex
697 1946 889 2020 itinerariis
924 1941 1154 2036 Palaestinae,

141 2081 304 2158 quorum
352 2061 498 2158 copiam
537 2058 638 2135 dabit
676 2058 897 2136 bibliotheca
936 2060 1153 2149 academica,

72 2205 77 2217 ·
144 2172 342 2249 conficiant
375 2173 422 2249 de
454 2174 619 2273 praemio
648 2174 838 2261 certaturi,
889 2174 1069 2272 poscitur,
1118 2184 1156 2250 'et

80 2312 84 2317 ·
142 2308 232 2363 vero
267 2285 407 2384 semper
440 2286 566 2364 addito
599 2287 695 2363 testis
730 2309 807 2362 non
840 2286 957 2363 solum
988 2289 1153 2377 nomine,

74 2410 79 2435 ¹
142 2396 204 2477 sed
233 2400 426 2500 et'pagina
448 2403 624 2478 itinerarii
650 2402 712 2476 vbi
737 2400 774 2477 id
801 2401 956 2477 testatur.

73 2629 83 2668 ³
198 2612 392 2694 Exhibitae
414 2630 521 2733 erant
538 2613 674 2696 Ordini
692 2615 950 2718 Philosophico
964 2642 1154 2697 commen-

73 2732 241 2811 tationes
266 2746 356 2808 tres:
388 2732 504 2832 prima
530 2754 615 2808 cum
638 2732 825 2832 symbolo:

297 2887 328 2954 Ι.
342 2887 462 2956 Laudis
467 2886 570 2976 studio
580 2891 713 2973 optimus
725 2890 853 2974 quisque
867 2882 1012 2951 trahitur.
1041 2884 1152 2951 Crcero.

80 2980 196 3059 altera
213 3122 217 3127 ·
296 3082 346 3149 ΙΙ.
367 3084 438 3172 Nifi
451 3085 522 3151 utile
534 3084 575 3173 est
585 3084 826 3170 quodfacimus,
841 3059 937 3170 stultu
950 3084 989 3173 est
1003 3084 1117 3169 gloria.

72 3186 125 3277 aet
146 3177 269 3254 tertia:

295 3279 367 3347 III.
390 3280 510 3348 Diuum
529 3302 604 3348 curu
625 3303 682 3350 nor
700 3289 813 3349 tuetur.

76 3562 81 3576 ,
201 3480 422 3583 ingenium,
460 3483 941 3578 dourinam,.industriam,
971 3485 1161 3563 autiorum

91 3599 344 3698 approbarunt
358 3625 421 3678 eae
441 3622 595 3693 omnes3
622 3601 683 3675 etii
700 3600 875 3696 sermonis
895 3605 997 3678 latini
1014 3601 1162 3698 elegan-

91 3720 201 3799 tiam,
246 3731 432 3799 curamet
460 3726 572 3788 artem
597 3714 774 3790 scribendi
804 3716 1076 3816 exquisitionem
1101 3717 1164 3789 de·

92 3823 265 3905 iideraret
292 3824 400 3906 Ordo
424 3824 720 3930 philosophicus,
761 3853 846 3906 cum
877 3836 914 3904 in
941 3829 1165 3907 conditioni-

825 3942 921 4040 Q4
1095 3942 1164 4016 bus
