2580 4906
126 613 206 690 uz
524 602 808 680 uun-p

242 761 439 846 caeterea
462 774 573 862 Musae
592 779 753 867 meminiffe
771 779 918 848 volebant.
965 782 1085 869 Vergit.
1187 812 1190 818 ¹

245 882 294 950 ΙΙ.
320 877 477 946 Tentanda
495 883 546 946 via
564 884 620 972 esi,
651 903 712 966 qua
733 904 779 948 me
799 905 917 970 qaoque
933 887 1042 970 poffim

191 1060 194 1067 .
304 966 418 1032 Tollere
444 962 552 1040 hemo,
589 965 741 1051 mitiorque
769 971 869 1034 viram
896 970 1029 1043 volitare
1057 990 1115 1057 per
1138 987 1198 1036 ore.

585 1068 678 1153 Virg.
701 1070 815 1155 Georg.
836 1070 906 1137 III.

245 1173 316 1240 III.
336 1171 381 1238 Et
401 1169 524 1256 vosue'ffe
534 1172 588 1255 sat
609 1174 658 1261 est.

247 1275 271 1340 Ι
274 1274 313 1340 V.
335 1277 430 1338 Omne
450 1291 552 1356 capax
569 1284 669 1340 mouet
687 1296 767 1343 ema
785 1299 901 1345 nomen.

252 1375 292 1444 V.
312 1373 431 1441 Amant
451 1375 569 1442 alterna
590 1377 745 1445 Camenae.

254 1477 289 1545 V
287 1477 315 1543 Ι.
339 1477 492 1544 Dubitare
509 1487 539 1543 et
556 1480 674 1565 aliquid
691 1483 799 1566 nescire
818 1484 883 1571 aeefi
895 1484 981 1568 seat.

254 1580 336 1648 VII.
349 1627 350 1631 ,
363 1580 402 1645 In
431 1579 564 1664 obscuris
592 1582 694 1668 inspici
715 1583 808 1668 seim,
835 1587 918 1670 quoti
942 1585 1138 1672 amfimitiue
1161 1586 1203 1674 ets·

134 1761 139 1771 1
304 1682 652 1767 ῌΗᾼΕὼὢὶ

212 1795 214 1799 ’
257 1782 359 1851 VIII.
381 1785 481 1849 Nassa
497 1785 654 1870 pallescere
672 1789 771 1873 culpa.

250 1886 317 1952 IX.
340 1884 507 1954 Extremas
523 1890 638 1974 pudeat
657 1887 782 1975 ressith.

138 2005 142 2019 ⁶
252 1989 297 2054 X.
326 1990 400 2054 Non
423 1990 515 2058 habeo
535 1995 710 2078 ingenium
740 1991 797 2073 sat
815 2011 873 2057 rex
887 1992 932 2080 fic
949 1995 1052 2081 suffit3
1086 1992 1204 2062 haseio.

146 2111 158 2131 ⁸
251 2094 318 2158 XI.
339 2095 441 2167 Felix,
469 2096 523 2176 aeci
540 2096 643 2177 potuit
661 2114 764 2159 renem
779 2095 953 2178 cognoscere
965 2097 1097 2184 caeeffae.

253 2195 340 2260 XII.
366 2196 476 2264 Omm'a
494 2195 628 2263 conando
648 2195 753 2262 domist
765 2196 902 2281 fasma
920 2202 1020 2265 vincit.

248 2379 348 2459 Cum
373 2381 438 2458 dia
463 2405 597 2482 anceps
625 2406 710 2460 cura
734 2405 777 2459 ac
801 2380 984 2459 dubitatio
1004 2384 1106 2462 vitos
1126 2410 1208 2463 ton·

137 2493 342 2572 sultissemos
359 2492 537 2585 tenuisset,
568 2496 717 2574 tandem
736 2511 895 2597 quatuor
909 2496 1005 2584 istae,
1035 2520 1130 2599 quas
1148 2500 1209 2577 iub

258 2619 293 2684 V
291 2617 318 2683 I.
340 2617 490 2682 Dubitare
508 2627 539 2682 et
558 2618 675 2703 aliquid
693 2621 800 2702 nescire
817 2620 882 2708 cufi
895 2620 980 2704 suat.
1109 2674 1114 2681 .

255 2719 297 2787 V.
316 2717 435 2786 Amant
455 2724 574 2788 osterna
594 2723 749 2789 Camenae.

249 2824 315 2889 XI.
337 2825 438 2899 Felix,
465 2828 519 2909 qui
537 2828 645 2910 poterit,
658 2835 709 2891 etc.

252 2927 317 2991 IX.
340 2926 508 2993 Extremas
525 2927 641 3011 paoem
657 2927 783 3014 rediiffe.

130 3044 442 3131 memorauimus,
490 3040 683 3128 industria,
730 3040 850 3122 studio
880 3053 918 3118 et
946 3040 1146 3137 subtilitate
1174 3045 1212 3119 in

135 3159 245 3234 rebus
270 3154 523 3255 exponendis,
570 3177 640 3229 vna
663 3152 759 3254 (No.
776 3148 873 3251 XI.)
900 3144 1009 3232 etiam
1033 3155 1209 3233 sermonis

136 3271 404 3358 concinnitate,
451 3284 587 3346 ceteras
623 3269 954 3346 commentationes
992 3270 1210 3359 antecellere

133 3384 229 3460 visae
255 3382 356 3472 sunt,
396 3384 446 3458 ita
471 3395 511 3458 vt
531 3379 613 3471 ilia,
648 3402 742 3482 quae
763 3383 915 3483 quidem
933 3380 1027 3462 Neo.
1045 3379 1112 3461 VI.
1133 3383 1209 3461 sea·

133 3501 287 3575 tentiam
310 3495 485 3598 praefert:

346 3617 501 3686 Dubitare
514 3627 545 3684 et
567 3619 687 3706 atiquies
704 3617 812 3703 rescire
830 3617 895 3705 aeefi
913 3618 992 3694 sant.
1039 3671 1048 3689 .

133 3733 295 3831 primum
325 3730 453 3808 locum
479 3755 661 3831 occupare
681 3729 769 3809 iussa
787 3730 841 3808 fit.
902 3729 979 3810 “In
1003 3729 1079 3821 his,
1111 3754 1208 3835 quae

131 3848 172 3922 in
196 3846 311 3943 prima
336 3845 541 3945 scriptionis
574 3860 676 3945 parte
702 3844 763 3927 .de
792 3847 942 3948 antiqua
976 3843 1207 3924 succeffionis

130 3961 272 4036 ratione
297 3958 494 4057 diligenter
520 3958 740 4058 disputauit,
776 3958 961 4058 specimen
988 3957 1115 4035 auiior
1142 3961 1216 4037 de-⁴

129 4072 184 4150 dit
211 4068 431 4148 traiiation'is
460 4075 628 4161 criticae,
664 4069 782 4149 sintne
804 4071 911 4150 liberi
936 4070 1010 4149 sene
1027 4069 1134 4149 sexus
1150 4075 1207 4150 di-

125 4186 296 4264 scrimine
327 4183 416 4284 Leg.
442 4182 520 4264 XII
545 4185 644 4261 tabb.
680 4188 801 4263 vocati
838 4186 883 4261 ad
923 4181 1203 4282 succeffionem3
1237 4257 1238 4322 Ν

129 4301 235 4402 quod
267 4299 383 4378 visum
414 4303 464 4378 est
496 4297 596 4380 Iulio
631 4299 750 4379 Paulo
779 4313 816 4377 et
844 4297 1065 4391 lusiniano,
1113 4322 1202 4377 eum

1122 4413 1200 4513 ipse
1236 4507 1237 4512 Ν
