2580 4996
462 697 744 774 .-'¹¹'¹·--·=-·
1061 695 1133 789 163

12 988 14 990 q
65 909 176 966 vnum
201 908 340 987 corpus
361 879 544 963 collellae.
604 884 688 964 Nec
705 911 792 965 vero
811 887 880 966 esse
896 890 1015 990 potest
1032 893 1155 992 quie·

68 1023 173 1100 quam
221 1001 441 1101 prudentiae
494 1012 531 1075 et
582 995 702 1077 sensus
752 1006 960 1082 communis
986 1008 1135 1084 rationi·

70 1115 133 1189 bus
158 1119 274 1214 magis
301 1113 605 1208 consentaneum
644 1117 890 1195 animaduersa
909 1123 1133 1218 quoque-rei

73 1230 196 1305 utilitas
215 1231 416 1328 peremnia
433 1243 606 1325 tempora.
646 1228 717 1307 Sed
735 1230 955 1333 plerumque
972 1214 1133 1310 instituta

75 1341 136 1418 luit
157 1345 219 1419 illa
243 1343 467 1421 consociatio
484 1356 627 1420 tanturn
645 1344 688 1420 ad
709 1345 797 1421 belli
813 1347 932 1440 cali1s3
960 1350 1133 1446 pauciora

2 1479 23 1588 p
78 1455 147 1530 lunt
171 1457 340 1557 exempla
362 1455 485 1533 similis
511 1457 669 1533 foederis
692 1461 730 1533 in
751 1466 849 1558 pacis
868 1483 1020 1561 quoque
1037 1474 1132 1538 tem·

80 1574 254 1666 pusioni,
289 1573 335 1647 ad
361 1571 651 1648 constituendam
682 1596 788 1649 vnam
817 1597 930 1674 remp.
962 1599 1131 1652 commu-

80 1705 158 1759 nem.
234 1683 322 1762 Hoc
349 1697 469 1761 tamen
496 1684 651 1761 alterum
679 1709 796 1783 genus
823 1691 929 1766 vnice
957 1689 1052 1767 illud
1079 1691 1130 1768 est

79 1799 163 1894 quod
188 1802 342 1875 nomine
363 1798 431 1876 suo
451 1797 606 1897 dignum
625 1799 835 1877 habendum
859 1801 918 1891 srt,
949 1803 1129 1905 quodque

77 1906 193 1988 labere
219 1912 364 1989 videtur
385 1913 557 1989 utilitates
583 1928 656 1989 tarn
679 1916 830 1990 exinrias
854 1940 896 1993 ae
915 1917 1126 2016 praeclaras,

76 2039 105 2100 rt
126 2031 218 2103 inter
244 2040 379 2104 ceteras
409 2026 560 2105 humani
584 2020 728 2125 generis
754 2033 792 2103 in
810 2028 1017 2106 societatem
1037 2054 1128 2107 con·

72 2141 233 2218 veniendi
265 2145 423 2218 rationes
452 2154 490 2217 et
519 2139 637 2216 forma
666 2139 728 2218 illa
762 2143 930 2241 inprimis
964 2147 1126 2223 eminere

66 2255 221 2352 putanda
239 2252 292 2333 fit.
352 2251 492 2331 Cadere
511 2254 601 2331 haec
618 2255 789 2357 videntur
807 2259 974 2356 inprimis
991 2259 1029 2332 in
1047 2260 1126 2334 ciui.

63 2379 162 2445 ntum
181 2377 241 2473 seu
257 2397 401 2472 rerump.
419 2369 593 2448 liberorum
607 2360 864 2474 consociesioncs.
911 2368 1007 2465 Cum
1024 2373 1126 2450 eninr

9 2580 12 2589 Δ,
59 2483 94 2559 ln
121 2485 179 2560 his
205 2486 355 2561 iniuria
383 2481 599 2582 aequalitate
620 2479 664 2582 a)
689 2484 836 2561 libertas
862 2484 924 2561 srta
954 2484 1010 2573 sat,
1054 2510 1125 2562 nec

58 2618 145 2675 tero
173 2598 237 2674 illa
261 2597 326 2675 nisa
349 2600 388 2674 in
411 2599 555 2697 exiguis
581 2599 733 2697 opibus,
769 2599 1121 2698 vitae'fimplicitate,

56 2736 279 2813 morumque
306 2711 512 2797 seueritate,
556 2710 725 2812 adeoque
748 2712 786 2787 in
814 2715 1021 2790 ciuitatibus
1055 2712 1124 2790 esse

56 2825 182 2927 poisat,
231 2850 386 2927 quarum
415 2823 523 2913 sines,
564 2827 650 2916 viri,
683 2828 811 2922 copiae
841 2827 909 2903 srnt
934 2827 1121 2932 nrodieaej

56 2965 113 3017 eas
140 2956 263 3017 autem
289 2963 409 3017 carere
434 2936 573 3016 necesse
596 2937 639 3015 stt
659 2943 703 3016 iis
731 2942 883 3038 opibus,
922 2943 1057 3042 quibus
1075 2941 1121 3018 ad

53 3070 228 3133 externos
247 3053 411 3131 incursus
434 3068 471 3129 et
492 3055 640 3130 iniurias
658 3052 919 3153 propulsandas
937 3078 1031 3154 opus
1052 3056 1119 3131 eli:

52 3169 260 3247 foederatae
283 3191 376 3269 resp.
404 3182 601 3266 vtrurnque
627 3167 802 3267 consequi
832 3168 944 3243 videri
970 3168 1119 3272 debent,

52 3299 94 3387 rt
117 3297 155 3360 et
177 3281 344 3359 libertate
371 3281 539 3358 fruantur
568 3294 605 3357 et
635 3284 773 3358 viribus
801 3283 1009 3380 opibusque
1038 3281 1119 3356 l'atis

51 3399 209 3497 magnis.
275 3394 329 3473 lta
349 3410 386 3473 et
401 3395 630 3493 srngulorum
645 3398 806 3495 capitum
823 3394 1000 3472 libertatis
1015 3409 1120 3473 natu·

52 3512 140 3588 ralis
169 3534 280 3611 quana
307 3512 459 3587 minima
484 3513 607 3609 portio
632 3509 851 3586 detrahitur:
891 3523 928 3584 et
952 3509 989 3586 id
1015 3508 1118 3606 quod

52 3624 254 3702 detrasluna
278 3625 346 3714 est,
378 3624 452 3701 saue
476 3625 587 3700 animi
612 3623 707 3700 illud
733 3647 774 3699 ae
798 3624 964 3722 corporis
980 3625 1119 3699 viribus

52 3739 115 3817 seu
142 3740 370 3848 fortunarum
396 3738 561 3838 expensis
589 3737 839 3837 praestandum
867 3740 923 3826 lit,
962 3760 1008 3813 ex
1026 3741 1114 3834 reip.

54 3855 211 3930 trisitate
250 3868 287 3930 et
329 3853 441 3930 salute
482 3853 701 3950 descriptum
733 3866 771 3927 et
803 3853 1117 3960 circumscriptum

54 3969 122 4061 est3
170 3968 334 4068 pericula
369 3969 429 4044 seu
463 3968 672 4042 eommunia
704 3964 765 4042 seu
799 3961 1028 4064 fingulorurn
1055 3964 1119 4041 de-

52 4083 246 4183 pelluntur
265 4080 436 4182 periculis
459 4081 705 4157 communiter
721 4103 763 4156 ac
778 4096 910 4191 mutuo
928 4080 1117 4179 susceptis3

52 4195 81 4274 sa
108 4199 149 4274 iu
179 4195 330 4297 fingulis
357 4198 566 4276 ciuitatibus
589 4209 651 4384 alit
673 4195 820 4272 aliunde
841 4195 1021 4282 extiterit,
1052 4197 1119 4292 qui

240 4321 245 4349 ⁸
679 4335 702 4383 2
1007 4307 1118 4382 liber·

117 4469 160 4552 a)
182 4470 324 4554 lmopsoe:
352 4470 497 4544 ternanta.
550 4466 653 4532 Aliud
676 4465 760 4549 respa
780 4481 882 4548 genua
912 4451 1119 4535 constituebat

50 4570 66 4579 ·’
166 4564 342 4622 conuentus
354 4552 632 4639 Amphictyonum.
1248 4569 1254 4579 ·
