2586 5078
130 705 210 780 218
523 700 806 734 ''¹¹¹¹'-

126 886 276 967 aliunde
303 898 451 986 accepta
474 900 596 974 erant,
633 898 747 985 atque
773 885 882 961 nobis
907 885 945 960 in
969 898 1119 984 promtu
1143 883 1193 971 fit,

127 1003 175 1080 de
199 1005 241 1078 iis
267 1005 393 1088 rebus,
432 1001 631 1097 inquibus
657 1000 770 1074 studia
789 998 1068 1088 collocauimus,
1097 999 1192 1074 dielo

126 1139 170 1194 ac
198 1114 331 1215 scripto
365 1137 472 1212 agere
497 1103 712 1201 cornnrode,
745 1110 891 1187 adrem
916 1112 1138 1210 praesentem
1162 1126 1195 1187 et

125 1226 281 1307 caullam
313 1252 373 1316 ea,
416 1248 509 1328 quae
536 1225 699 1311 uniuerse
732 1223 1053 1314 addidiceramus,·
1084 1225 1196 1301 addu-

126 1364 230 1430 cere,
264 1340 502 1439 videtequid
532 1341 569 1411 in
595 1360 742 1437 quaque
769 1362 808 1414 re
835 1338 895 1428 sit,
936 1338 1026 1439 quid
1052 1338 1196 1415 adeam

125 1456 395 1556 expediendam
420 1454 617 1552 pertineat,
652 1455 885 1551 omninoque
908 1452 1009 1528 vsum
1034 1467 1071 1527 et
1093 1476 1196 1528 exera

127 1573 342 1648 citationem
375 1590 518 1665 parare,
564 1587 685 1663 eoque
719 1565 796 1665 ipso
821 1589 899 1641 eam
927 1566 1127 1664 agilitatem
1154 1588 1195 1643 ac

126 1684 349 1762 celeritatem
381 1678 531 1776 agendi,
582 1694 661 1756 tum
686 1671 947 1755 confidentiam
964 1695 1008 1754 ,et
1032 1678 1198 1756 alacrita-¹

125 1808 222 1883 tem,
261 1817 356 1893 quae
382 1794 427 1868 ab
454 1791 516 1867 vsu
544 1806 580 1868 et
604 1792 731 1868 habitu
761 1791 938 1892 proficisci
962 1791 1067 1867 solet:
1100 1816 1196 1892 quae

126 1911 278 2009 quidem
303 1909 427 1984 omnia
443 1905 522 1981 sola
547 1895 1053 1982 auditione‘etfiinfinitarum
1070 1930 1195 1984 rerum

126 2023 571 2120 comparari'nequeunt.
646 2017 751 2111 Quid
781 2017 883 2118 quod
915 2018 1035 2094 multo
1068 2022 1197 2096 vtilius
1249 1999 1250 2024 Ν

87 2175 91 2184 ·
124 2136 322 2234 multoque
348 2136 508 2233 optatius
534 2132 649 2226 videri
676 2133 786 2208 debet
811 2152 926 2231 pauca
953 2147 1106 2221 tenere,'
1133 2132 1195 2212 led

123 2252 292 2351 penitus,
337 2262 372 2324 et
400 2270 441 2321 ea
461 2249 499 2321 in
527 2247 857 2344 potestatehabere
881 2244 951 2334 fic,
980 2258 1020 2321 vt
1042 2247 1192 2344 vbique,

125 2375 163 2438 et
193 2361 490 2463 quandocunque
516 2364 560 2436 iis
586 2360 763 2436 vtendum
791 2358 850 2448 sit,
890 2360 928 2433 in
954 2376 1105 2459 promtu
1128 2361 1193 2440 illa

124 2475 269 2551 habeas.
349 2470 519 2549 Pertinet
548 2475 646 2548 enim
687 2473 733 2548 ad
772 2473 840 2548 alia
874 2494 1028 2572 quoque
1063 2473 1189 2565 studia,

127 2587 230 2687 qaod
259 2586 304 2662 de
327 2584 557 2684 philosophia
584 2589 731 2684 egregie
755 2585 852 2685 apud
874 2585 1050 2663 Senecam
1071 2587 1117 2684 *)
1138 2588 1201 2665 di··

126 2724 210 2778 cere
243 2698 457 2776 Demetrius
492 2695 654 2798 Cynicus
685 2697 839 2776 solebat:
887 2697 965 2798 plus
992 2701 1195 2831 prndeffesr

121 2840 234 2916 pauco
261 2827 438 2944 praecepto
461 2814 642 2915 supientiae
672 2824 793 2901 teneor,
832 2813 896 2918 sed
917 2812 976 2890 illo
954 2816 1032 2890 oin
1054 2827 1193 2913 promtu

126 2928 188 3005 libi
208 2939 238 3003 cl
264 2930 299 3003 in
322 2928 381 3027 vsu
399 2929 488 3028 state
524 2949 620 3023 quom
636 2926 667 3028 fi
685 2951 739 3002 ιιιιι
741 2927 790 3004 lto
808 2927 934 3027 quidem
947 2928 1110 3020 didiceris,
1130 2928 1196 3035 sed

124 3043 184 3122 illa
211 3069 278 3119 noa
299 3039 417 3117 habeor
457 3041 505 3116 ad
527 3066 669 3116 manum.

237 3237 353 3317 Iam
342 3264 379 3315 m
402 3238 606 3317 Academiis
628 3239 848 3321 Germaniae
873 3246 1013 3324 nostrae
1032 3247 1194 3345 superio·

124 3356 226 3447 ribus
260 3354 411 3453 quidem
448 3358 626 3431 aetatibus
657 3356 876 3456 plerumque
911 3361 990 3437 satis
1026 3361 1196 3439 habitum

125 3484 218 3553 erat,
266 3466 569 3566 disputationibus
603 3469 750 3568 ingenia
784 3495 931 3566 acuere;
980 3473 1120 3575 reliqua
1149 3476 1195 3552 ad

123 3581 305 3660 scribendi
321 3583 619 3657 exercitationem
640 3585 926 3675 reuocabantur,
957 3609 1051 3684 quae
1072 3603 1196 3665 tamen

124 3696 219 3773 intra
247 3694 421 3769 sermonis
454 3689 575 3770 Latini
598 3697 886 3774 emendatiorem
909 3700 1009 3777 vl'um
1032 3700 1195 3800 plerum·
1203 3683 1206 3688 ’

126 3832 200 3909 que
229 3808 411 3884 contineri
433 3805 590 3900 solebat3
633 3824 673 3885 vt
696 3834 774 3887 non
796 3824 869 3888 tam
895 3811 940 3914 de
957 3817 1065 3890 rebus
1082 3837 1195 3913 quam

126 3922 173 3998 de
205 3919 324 3996 verbis
358 3918 452 3996 bene
481 3916 619 3996 Latinis
648 3937 892 4052 quaereretur.
952 3925 1037 4005 Erat
1069 3933 1196 4027 vtique

125 4033 265 4133 aliquid
308 4031 471 4130 praefidii
509 4035 618 4111 etiam
647 4036 685 4111 in
720 4036 812 4130 hoc;
860 4040 925 4138 qui
958 4041 1057 4115 enirn
1087 4040 1196 4118 semel

127 4148 400 4224 exercitationis
433 4144 665 4224 alhduitate
656 4174 693 4223 ιιι
721 4169 949 4250 quocunque
970 4176 1104 4249 genere
1134 4169 1196 4232 aut

126 4260 293 4338 sermone
330 4257 395 4335 sibi
427 4260 575 4336 dicendi
604 4260 858 4363 scribendique
887 4266 988 4344 asum
1009 4290 1199 4367 compara-

1056 4453 1060 4463 .
1126 4383 1196 4457 vit:

192 4540 236 4624 ⁸)
256 4539 305 4607 De
321 4539 430 4608 Benef.
444 4538 515 4623 VlI.
535 4557 567 4613 1.
