2580 5086
146 652 226 750 356
350 687 362 705 a
527 664 822 727 aza

144 871 202 925 res
216 859 217 863 ‘
230 844 419 949 scriptores
448 846 705 949 exscripserint
772 844 850 925 Iam
873 846 1075 938 veroilli,
1096 828 1207 950 'dnos

144 953 275 1060 Nepos
297 976 380 1059 ante
400 959 531 1038 oculos
556 960 701 1049 habuit,
741 961 790 1037 ita
807 959 1056 1050 tradiderant,
1087 974 1131 1036 vt
1149 985 1208 1036 eoi

147 1072 245 1150 nudo
268 1077 399 1172 patriae
421 1072 503 1150 mole
526 1099 596 1150 eum
619 1066 820 1176 consrdaiffi,
842 1069 906 1175 sed
924 1076 1024 1148 eliam
1050 1075 1207 1151 amicitiae

140 1185 243 1289 fidem
259 1212 326 1262 non
339 1179 527 1288 praestitisse
542 1186 704 1263 dicerent
711 1209 723 1279 ;
748 1184 915 1282 Namque,
937 1185 1083 1287 inquit,
1105 1184 1208 1279 aeliu

150 1297 343 1396 adiutusque
363 1288 386 1376 a
408 1299 632 1400 Dcnrostitene,
668 1323 738 1372 eum
758 1323 848 1395 quem
862 1294 1009 1384 nnbat.
1039 1289 1209 1392 adscenda-

150 1423 207 1489 rnt
234 1411 395 1508 gradum.
430 1435 528 1508 qaum
550 1410 703 1513 mensus
724 1408 888 1488 Oratam
904 1436 974 1487 mm
987 1406 1210 1511 subornaret:

151 1523 264 1612 (adeo
290 1526 447 1622 partium
472 1523 630 1601 studium
652 1523 759 1599 etiam
784 1524 823 1599 in
851 1520 918 1599 hac
946 1518 1213 1603 Demosthenis
1246 1530 1248 1543 ²

152 1637 308 1712 amicitia
336 1635 529 1735 agnoscere
554 1635 660 1728 licet)
688 1633 732 1712 al
758 1632 924 1714 eudemio
951 1632 1106 1723 ledele.
1151 1662 1214 1714 cea

149 1743 268 1847 'capitu
300 1744 439 1849 cauffam
472 1746 605 1835 diceret.
650 1747 813 1852 defensus,
860 1745 1031 1845 aliquoties
1060 1748 1217 1829 liberatas

153 1854 350 1964 discefferai:
396 1859 482 1937 leant
511 1889 578 1938 non
602 1860 710 1963 josum
740 1857 944 1961 inperialis
965 1858 1035 1937 son
1060 1861 1216 1964 defendis.

146 1971 211 2078 sed
231 1966 326 2050 eliam
347 1973 508 2069 prodidit.
563 1972 689 2051 Potuit
709 1972 829 2074 aliqua
852 1976 892 2049 in
911 1972 968 2050 his
990 1971 1106 2075 culpa
1125 1974 1217 2053 Pho·

151 2087 274 2189 cionis
298 2082 386 2181 else3
420 2076 554 2187 potuit
571 2089 693 2163 tamen
719 2109 789 2164 nec
811 2088 933 2163 minus
950 2083 1056 2162 nulla
1070 2086 1218 2165 admitti

154 2199 202 2292 ab
234 2194 426 2300 Antipatro
451 2222 520 2299 pro
557 2196 806 2277 Demosthene
833 2193 1048 2277 intercessio.
1111 2197 1216 2294 Quid

153 2310 181 2389 sr
208 2312 364 2388 ciuitatis
389 2310 679 2389 incolumitatem
699 2311 788 2389 stare
809 2309 916 2389 nullo
932 2309 1005 2388 alio
1022 2312 1146 2389 modo
1166 2315 1217 2388 in·

69 2432 71 2436 ’
154 2421 345 2520 telligebat
360 2421 525 2500 Phocion
549 2445 660 2523 quam
678 2423 816 2501 facibus
834 2423 906 2501 istis
919 2422 1105 2512 incendii,
1138 2421 1216 2502 Dc·

156 2535 345 2612 mosthene
367 2547 404 2611 et
425 2532 648 2634 Hyperide.
666 2548 763 2612 arma
789 2536 897 2612 nimis
916 2531 1104 2612 imbecilla
1122 2534 1217 2630 nun·

157 2668 267 2748 quam
293 2670 371 2722 non
395 2648 434 2721 in
458 2645 681 2724 Macedones
706 2649 995 2736 concitantibus,
1028 2637 1215 2726 exacuis!

153 2750 279 2835 'simul
305 2753 492 2835 seueritate
523 2759 605 2855 iam·
627 2774 751 2848 antea,
798 2784 885 2840 cum
915 2749 1055 2836 Thebis
1089 2759 1214 2840 excisis

156 2868 364 2948 Alexander
397 2869 612 2969 postularet,
659 2868 763 2961 th.
781 2868 976 2960 Oratores,
1018 2871 1215 2971 inquibus

154 2979 424 3071 Demosthenes
454 2982 548 3076 erat,
595 2982 664 3063 libi
683 2984 921 3073 dederentur.
964 2980 1135 3062 Phocion
1159 3007 1215 3061 ae·
1270 2996 1271 2999 ‘

153 3090 274 3196 'quum
292 3110 366 3172 crat
393 3108 509 3186 ratus,
564 3110 604 3173 rt
619 3120 689 3195 pro
705 3119 780 3198 rep.
799 3092 973 3198 seruanda
984 3107 1151 3177 mortem
1163 3096 1216 3173 vl·

95 3214 99 3218 ’
157 3221 218 3285 tro
246 3207 424 3286 subirent:
470 3206 606 3308 (Diod.
620 3207 748 3300 xv11‚
781 3204 865 3312 15.)
889 3208 929 3286 id
951 3209 1054 3308 quod
1072 3205 1215 3287 Demo-

94 3422 97 3427 ·
151 3316 274 3398 'libeni
300 3321 405 3399 aliter
431 3322 466 3399 se
494 3320 750 3400 habererisum
773 3322 832 3398 est.
889 3319 1023 3399 Saltem
1049 3321 1114 3399 vbi
1140 3344 1216 3400 cer·

152 3434 251 3510 ‘tiora
279 3447 493 3534 argumenta
521 3433 670 3523 desunt,
707 3426 755 3510 ex
775 3431 902 3512 indole
918 3444 955 3513 et
967 3433 1133 3512 moribus
1150 3433 1217 3511 ho·

157 3548 268 3622 nrinis
305 3547 350 3623 de
385 3549 465 3624 eius
493 3546 590 3623 latiis
617 3545 793 3625 iudicium
818 3543 937 3624 lacere
962 3545 1069 3639 licet3
1115 3548 1217 3624 etia

153 3654 328 3736 Demade
364 3672 416 3753 ets
434 3650 523 3737 aliis
547 3656 629 3737 suae
663 3652 811 3735 vanitati
839 3669 878 3735 et
902 3657 1048 3735 edlimti
1070 3657 1218 3736 consul·
1245 3675 1247 3679 ·

156 3780 238 3846 tum
278 3768 352 3848 else
376 3771 559 3862 dicemus,
602 3772 710 3849 etiam
745 3773 786 3847 in
811 3770 920 3848 rebus
955 3769 1036 3848 satie
1064 3770 1218 3848 vtilibus

156 3867 203 4011 ad
226 3906 360 3982 remp..
400 3883 466 3962 nili
490 3885 537 3962 de
561 3907 690 3963 eorum
716 3881 870 3963 confilio
887 3881 1042 3965 meliora
1064 3882 1218 3963 aliunde

156 3996 396 4073 innotuerint

141 4219 149 4237 ⁴
268 4217 419 4298 Interea·
444 4220 538 4326 illud
574 4218 725 4299 inficiari
753 4223 816 4299 uix
845 4221 955 4312 atriis,
979 4220 1219 4305 senemiam

154 4332 407 4442 grandaeuum
443 4348 506 4413 aut
534 4336 698 4436 partibus
725 4333 1046 4493 hudpauinimis
1077 4336 1219 4527 liaffi-
