2580 4996
147 621 235 726 '⁹114'
539 632 823 700 m

149 826 206 919 ait
224 833 263 900 et
284 818 455 907 retraxit,
493 811 597 916 quod
621 835 683 904 ea,
718 835 814 915 quae
835 811 882 892 ad
905 811 1121 896 interiorem
1137 821 1216 899 eius
1256 882 1264 914 ,

148 937 320 1018 notitiam
345 930 573 1033 lpeilabant,
608 928 850 1029 inprimisque
877 951 971 1029 quae
989 931 1036 1010 ab
1056 930 1218 1011 sollenni
1245 933 1264 1029 'j

149 1075 275 1133 rerum
300 1047 405 1126 cursu
434 1041 670 1131 recedebant,
708 1040 755 1119 ad
776 1041 975 1141 religiones
997 1059 1216 1146 metumque

150 1168 308 1248 deorum
326 1159 585 1238 referebantur.
644 1151 748 1232 Adeo
767 1154 871 1232 nulla
886 1159 1036 1256 grauior
1051 1181 1095 1236 ac
1110 1160 1218 1258 pesti·
1250 1162 1264 1253 ᾗ

150 1281 289 1373 lentior
318 1273 504 1375 ignoratio
529 1269 580 1346 est
611 1290 722 1370 quam
750 1282 899 1348 naturae
931 1268 993 1348 seu
1017 1270 1217 1353 hominum
1252 1279 1265 1378 j

150 1395 216 1476 seu
228 1413 374 1483 rerum;
389 1386 465 1464 Hoc
481 1380 736 1484 fentininam
752 1380 1218 1486 claderlnquepatrespopu·
1252 1361 1265 1410 ²

151 1509 281 1607 lamque
301 1504 417 1601 fluxit.
484 1495 593 1591 Quot
605 1497 727 1595 prauis
745 1495 987 1596 religionibus
1001 1521 1044 1576 ac
1059 1497 1216 1599 placitis,
1254 1514 1265 1599 J

154 1637 250 1723 quot
295 1610 607 1712 superstitionibus
648 1608 934 1709 perniciofisque,
969 1612 1140 1695 institutis
1173 1613 1218 1690 li-
1261 1600 1265 1640 r

153 1737 278 1816 beraea
304 1724 389 1805 elset
409 1736 472 1801 aut
499 1721 630 1799 intaila
652 1719 831 1800 manfislet
860 1746 952 1823 gens
969 1724 1149 1815 humana,
1188 1724 1216 1805 fi
1264 1712 1265 1716 Ν

151 1863 303 1927 naturae
329 1854 366 1917 et
391 1839 471 1918 suae
499 1852 537 1913 et
561 1859 684 1912 rerum
713 1838 936 1915 accuratiore
966 1836 1110 1916 seientia
1128 1863 1217 1919 cum
1258 1821 1265 1865 ³

153 1963 234 2063 ipso
262 1970 347 2037 ortu
361 1954 501 2030 imbuta
518 1945 654 2039 fuiilet,
683 1961 746 2026 aut
763 1949 809 2026 ab
823 1948 880 2026 his
899 1962 1076 2051 tanquam
1092 1955 1215 2029 omnis
1262 2050 1265 2057 ἧ

152 2097 262 2156 verae
294 2069 462 2147 scientiae
492 2062 682 2140 elementis
711 2062 772 2144 sua
803 2062 1009 2141 rudimenta
1032 2062 1216 2165 petiissent
1263 2083 1266 2095 ’

153 2190 201 2280 ii,
226 2188 292 2289 qui
316 2181 512 2280 religiones
536 2190 574 2252 et
597 2177 676 2251 iura
691 2175 851 2253 condere
884 2177 1001 2254 videri
1019 2178 1214 2256 volebant!
1264 2276 1266 2283 Ι

154 2299 253 2380 Cum
285 2300 408 2393 itaque
435 2289 545 2367 semel
576 2288 787 2366 imbibitum
818 2286 904 2366 ellet
925 2292 1075 2381 animis,
1120 2292 1216 2370 nihil

152 2413 260 2501 mali,
286 2406 428 2484 nullam
446 2403 707 2491 calamitatem,
737 2399 881 2480 nullam
896 2402 1036 2481 febrem
1058 2428 1101 2484 ac
1114 2429 1216 2482 mor-

152 2530 245 2607 bum
259 2524 468 2622 grauiorem
483 2513 550 2593 nili
566 2517 611 2591 ab
626 2516 678 2590 ira
691 2518 854 2593 numinis
868 2519 1027 2606 immitti,
1040 2518 1217 2597 declarari

151 2641 250 2720 hanc
274 2638 365 2715 iram
391 2632 499 2708 certis
521 2630 662 2705 euentis
688 2644 837 2705 naturae
861 2629 1035 2720 insolitis,
1069 2630 1145 2708 hoc
1166 2631 1217 2711 est

152 2753 303 2836 ostentis
342 2743 616 2846 prodigiisque,
679 2744 907 2823 curationem
942 2744 1216 2824 morboruma

152 2867 294 2971 placata
315 2860 477 2937 numinis
502 2858 554 2933 ira
577 2852 647 2931 elle
670 2853 949 2954 expellendam,
982 2879 1053 2933 nec
1075 2857 1214 2956 placari

153 3005 236 3062 tam
256 2972 355 3077 polle
377 2970 443 3048 nist
468 2971 575 3047 certis
598 2970 728 3044 ritibus
752 2981 788 3044 et
804 2969 973 3046 formulis
990 2993 1010 3045 a
1027 2967 1216 3050 Pontifici·

149 3097 221 3180 bus
234 3086 475 3193 praescriptis:
500 3085 595 3168 inter
609 3080 711 3170 haec¹
740 3079 817 3156 fieri
835 3082 941 3159 nullo
951 3083 1065 3160 modo
1077 3089 1212 3183 potuit,

148 3223 191 3288 ut
212 3206 382 3306 sagacitas
409 3198 567 3274 aliorum
593 3194 638 3271 de
663 3195 802 3271 morbis
818 3194 874 3272 his
891 3196 1070 3274 sollertius
1092 3199 1216 3275 obser-

148 3337 231 3402 sata
257 3336 294 3397 et
318 3312 531 3411 inuestigata
555 3308 722 3385 traderet
789 3305 881 3401 Quo
908 3308 1040 3387 sadum
1064 3310 1133 3397 est,
1175 3329 1216 3389 vt

149 3436 280 3519 diserta
301 3430 381 3505 satis
406 3424 449 3503 fit
471 3423 686 3522 scriptorum
711 3424 870 3497 narratio
891 3421 936 3497 de
953 3423 1131 3522 prodigiis
1149 3450 1215 3502 eo-

148 3566 307 3644 rumque
337 3536 675 3639 procurationibus,
721 3533 766 3610 de
798 3537 938 3612 morbis
974 3550 1096 3613 autem
1132 3531 1223 3617 non

147 3662 215 3740 nili
229 3678 365 3764 pauca,
395 3672 510 3749 eaque
530 3646 692 3744 vulgaria
705 3662 1053 3729 commemorentur.

260 3877 304 3958 In
327 3876 383 3955 his
413 3886 535 3950 tamen
561 3870 741 3970 prodigiis
766 3870 912 3969 agnosci
930 3873 1116 3957 interdum
1129 3878 1214 3975 pos.

144 3997 229 4082 sunt
248 3991 393 4088 vestigia
413 3982 632 4073 caussarum,
659 4008 679 4058 a
701 3984 837 4084 quibus
856 3983 936 4071 lues
954 4000 1077 4064 ortum
1094 4002 1214 4067 trare-

144 4115 211 4189 rit:
241 4107 323 4183 lunt
341 4116 461 4179 autem
483 4121 545 4174 eae
570 4096 695 4174 nullae
718 4096 827 4187 aliae,
853 4120 964 4197 quam
981 4124 1074 4200 quae
1090 4101 1210 4181 febres

143 4221 307 4323 putridas
334 4213 501 4312 vulgares
518 4212 670 4309 gignere
688 4204 825 4299 solent:
852 4215 943 4288 aeris
962 4215 1210 4314 intemperies,

144 4337 234 4415 anni
267 4329 326 4412 vel
355 4328 502 4430 frigoris
530 4323 786 4415 inclementia,
837 4325 1079 4406 intolerabilis
1107 4331 1210 4407 calor

1037 4441 1207 4537 aestiuus,
1235 4494 1238 4499 .
