2496 4936
135 641 205 759 '44‘
528 659 813 719 Q

251 840 299 922 At
315 836 442 929 Poeni.
466 843 595 923 multis
608 867 696 924 cum
704 840 846 922 Mauris
862 852 900 922 et
913 835 1087 922 Numidis
1102 844 1202 925 fadis

136 957 364 1066 proeliisde),
387 961 461 1036 iam
479 972 559 1036 tum
575 958 647 1036 late
661 956 820 1037 Africam
838 959 995 1056 imperio
1013 961 1201 1051 tenebant.

135 1075 270 1174 partim
296 1075 337 1148 in
362 1071 446 1151 loca
462 1095 528 1173 per
545 1072 748 1150 coloniasa
771 1073 962 1149 communi
985 1071 1094 1173 stirpe
1115 1097 1204 1175 pro·

133 1184 243 1263 fedas
259 1183 394 1264 obsessa
408 1183 653 1264 successerant
693 1181 896 1262 Phoenices
914 1185 1012 1262 enirn
1028 1188 1099 1264 ianr
1115 1202 1202 1266 ante

133 1322 177 1377 ea
200 1312 367 1401 tempora
396 1312 598 1377 extremam
615 1297 774 1377 Africam
794 1299 938 1398 ingenti
955 1297 1200 1405 coloniarum,

132 1411 194 1502 feu
227 1415 481 1514 emporiomm
515 1413 753 1499 multitudine
791 1411 1040 1511 obsepserant3
1087 1410 1196 1494 CCC.

132 1529 300 1605 ciuitates
323 1549 344 1603 a
366 1523 545 1603 Pharusris
568 1542 606 1603 et
626 1525 783 1625 Nigritis
813 1522 949 1603 XXX.
981 1526 1123 1606 dierum
1139 1532 1199 1606 iti-

132 1665 221 1719 nere
245 1664 266 1717 a
287 1636 385 1718 Lixo
407 1638 654 1721 habitantibus
684 1637 823 1717 euersas
846 1652 1030 1717 narratum
1057 1643 1107 1720 est
1132 1644 1195 1745 f).

129 1754 276 1833 'Siciliae
298 1776 402 1831 oram
425 1756 643 1832 maritimam
666 1750 783 1831 Poeni
800 1769 1088 1853 occupauerant,
1114 1753 1199 1836 Ma.

129 1868 235 1966 ‘cnaei
256 1870 415 1946 maxime
440 1868 589 1946 fortuna
615 1865 688 1957 vfi,
729 1868 853 1945 minus
882 1881 1005 1945 tamen
1027 1869 1197 1972 prospera

95 2032 99 2039 -
131 1982 252 2069 illa-in
275 1981 437 2060 Sardinia
454 1987 528 2081 g).·
557 1982 619 2059 sed
638 1979 751 2059 cladis
769 1996 939 2082 acceptae
954 1981 1086 2062 damna
1102 2009 1195 2063 mox

131 2096 177 2174 ab
192 2098 237 2173 iis
256 2093 324 2175 effe
341 2111 522 2198 reparata,
548 2093 741 2174 do‘ceutea
756 2094 848 2195 ipsa,
879 2117 974 2196 quae
989 2101 1029 2184 in
1046 2097 1195 2179 foedere

129 2228 416 2292 commemorata
441 2210 647 2292 videbimus
671 2207 732 2303 ir).
799 2205 947 2309 Opibus
973 2223 1096 2289 tamen
1116 2237 1195 2291 ma·

128 2328 259 2403 ritimis
277 2348 354 2402 nou
368 2327 491 2402 minus
512 2322 579 2400 illo
600 2337 767 2424 ternpore
783 2323 953 2400 valebant
971 2320 1129 2419 Etrusci,
1156 2340 1194 2405 et

128 2440 224 2518 inter
252 2463 315 2516 eos
338 2437 506 2540 Agyllaei
533 2437 594 2515 seu
621 2434 820 2514 Caeretani.
890 2434 1014 2516 Italiae
1029 2446 1192 2521 extrema

127 2568 166 2630 et
188 2552 348 2631 Siciliam
374 2555 549 2630 tenebant
571 2550 740 2628 coloniae
756 2548 1004 2644 Graecorum,
1034 2577 1191 2654 quarum

28 2697 40 2703 ·
126 2666 332 2744 nonnullae
352 2668 590 2765 nauigatione
618 2676 655 2741 et
676 2687 800 2741 rerum
817 2666 985 2742 omnium
1004 2667 1189 2744 affluentia

54 2776 1188 2880 ‘mmmmmmmmmmffiwm

124 2891 284 2976 Cumani
315 2899 367 2988 i).
444 2891 545 2971 Inter
569 2891 660 2972 haec
685 2888 930 2970 Phocaeeuses
962 2891 1122 2971 Aleriam
1147 2897 1187 2971 in

1059 3005 1188 3110 Cyrno

179 3231 218 3310 ι)
238 3229 345 3297 lustin.
358 3227 482 3299 xvul,
505 3246 533 3309 7.
549 3226 646 3304 xix,
666 3243 703 3303 1,
726 3234 758 3290 et
772 3244 805 3296 2.

177 3341 223 3426 f)
242 3342 351 3407 Strabo
369 3340 470 3409 XVII.
493 3359 524 3424 p.
542 3352 632 3412 1182.
651 3338 686 3404 c.
706 3352 797 3417 1185.
811 3337 846 3401 B.
870 3337 939 3407 add..
962 3338 1017 3404 lib.
1033 3338 1058 3405 1.
1081 3359 1110 3423 p.
1129 3353 1182 3418 ⁸3·

233 3427 272 3490 A.
290 3425 334 3491 cf.
350 3425 429 3490 Piin.
444 3423 488 3497 V.
517 3442 543 3490 1.
1110 3468 1114 3477 »

132 3618 134 3621 ¹
181 3538 229 3622 g)
248 3534 355 3601 Iustin.
378 3535 502 3612 XV1H‚
532 3553 563 3615 7.
588 3531 678 3599 Oroi.
700 3531 763 3605 IV,
794 3537 824 3597 ό.
872 3531 906 3597 Si
930 3528 1015 3597 reste
1044 3530 1181 3594 rationes

231 3620 297 3683 suan
315 3618 484 3684 subduxere
504 3619 562 3681 viri
574 3615 676 3691 duffii.
696 3616 756 3678 iarn
774 3625 841 3678 tum
857 3614 969 3678 Hanno
987 3613 1086 3693 (circa
1101 3636 1129 3677 a.
1142 3615 1179 3679 C.

164 3760 170 3769 .
228 3705 321 3784 570.)
335 3722 476 3784 magnam
494 3702 620 3767 Africae
635 3698 834 3763 occidentalis
847 3708 962 3778 partem
980 3698 1181 3781 nauigatione

230 3788 365 3858 obierit.
385 3788 463 3849 vltra
478 3787 634 3867 tropicum
648 3782 755 3848 Cancri
771 3781 916 3865 usquead
932 3780 1180 3846 promontorium

229 3869 418 3943 primarum.
455 3868 510 3932 nisr
541 3869 624 3932 forte
646 3868 683 3928 ad
704 3865 797 3965 ipsam
821 3863 947 3964 insulam
968 3863 1002 3929 S.
1024 3864 1176 3941 Thomae,

226 3949 1179 4110 intinniit?a*niti'iiiitifiiiitrits

224 4118 432 4205 (Soriirrguer.
466 4117 583 4201 Sriily)
616 4115 810 4181 lustmuerat:
851 4113 929 4177 Plio.
946 4113 995 4182 11.
1036 4124 1086 4190 ⁶8.
1112 4118 1169 4182 vid.

146 4232 147 4237 ¹
224 4203 387 4268 Hannonre
412 4204 549 4285 Periplua
570 4201 742 4282 inprimiaia
758 4196 834 4264 Viro
852 4195 998 4264 soliertiff.
1016 4199 1169 4286 Bouguim

223 4286 306 4361 ville,
329 4300 362 4352 et
373 4306 472 4369 nuper
487 4309 503 4350 r
519 4286 596 4354 Viro
609 4284 657 4349 Ci.
679 4282 895 4366 Cumpomarres
909 4279 1088 4352 illustratur.

173 4399 216 4476 h)
237 4412 267 4462 o.
284 4397 389 4482 Polyb.
406 4399 467 4471 111.
489 4409 541 4464 22.
558 4406 591 4460 et
606 4416 635 4461 c.
654 4411 706 4474 23.
724 4415 756 4478 p.
770 4403 841 4475 284
858 4391 939 4458 med.

170 4505 205 4588 i)
226 4529 256 4575 v.
272 4508 404 4595 Dionys.
420 4511 462 4577 H.
478 4509 556 4582 vit.
575 4524 606 4588 3.
