710 1331
126 213 165 234 126
317 211 459 225 ——

123 261 214 281 barbaries
226 261 300 281 credere
308 265 366 285 vetum
383 261 414 281 etsi
425 262 488 286 potuit
498 265 559 281 certos
566 262 612 281 ritus
623 267 656 287 pa-

123 293 180 312 trare,
188 289 241 309 sacris
252 289 311 312 fadis,
321 290 340 309 in
348 289 393 309 loco
401 290 481 312 incluso,
495 290 563 315 quibus
570 290 655 310 fulminis

122 319 160 337 vim
175 318 266 342 alliceret;
288 319 351 343 potuit
362 324 439 343 quoque
451 324 479 337 res
493 318 575 338 fabulose
586 319 655 340 ornari.

122 352 182 372 quum
191 347 239 366 fama
246 350 318 366 tantum
324 347 361 366 hoc
370 347 470 369 constaret,
485 346 656 367 incendio'rulium

121 375 197 401 periisse.
226 375 328 401 Dionysius
335 381 346 395 e
354 375 390 394 suis
399 375 502 395 austoribus
514 375 559 394 nihil
571 381 591 395 ea
603 375 626 395 de
635 381 655 395 re

121 404 232 423 memorauit
240 403 279 426 111,
297 409 329 427 35.
361 403 414 423 Nihil
424 403 447 423 ad
459 403 603 428 superstitionem
616 403 656 423 Ro-

121 438 219 452 manorum
232 432 300 455 defuit.
314 438 381 457 quam,
394 431 445 457 quod
453 438 486 457 per
498 431 595 452 Orientem
603 438 613 451 a
625 435 654 451 tot

121 460 196 486 populis
204 460 271 480 fastum
278 460 372 482 videmus,
384 464 404 480 vt
417 461 470 485 grani
481 460 582 480 calamitate
593 460 654 480 affliffi

66 489 81 517 x'
121 488 200 508 deorum
211 489 257 508 iram
266 489 355 508 sacrificiis
364 488 449 508 humanis
459 489 556 514 plaoerent.

176 536 248 558 Romae
261 538 396 563 antiquioribus
407 538 522 563 temporibus
536 537 654 558 habitationis

120 566 144 586 ad
164 572 266 591 corporum
285 566 410 586 valetudinem
425 566 545 585 instituendae
560 572 603 585 cura
617 566 655 585 fuit

121 594 184 618 nulla;
201 598 273 614 tantum
286 594 400 614 conuallium
413 595 460 614 inter
473 598 547 614 montes
559 594 581 613 ab
596 600 654 619 aqua—

119 629 161 645 rum
177 623 259 643 colluuie
272 623 406 643 liberandarum
425 624 515 642 rationem
529 623 594 642 inierat
606 622 654 642 Tar-

119 652 194 677 quinius
211 651 279 671 cloacis
290 651 352 671 duciis.
386 651 458 671 Tiberis
471 651 580 672 exundantis
595 656 653 676 aquas

119 681 221 705 stagnantes
239 680 291 705 saepe
306 680 389 700 incusant
401 680 502 705 scriptores.
531 680 560 699 An
574 679 653 705 paludes

119 708 214 728 Pomtinae
228 708 264 728 iam
280 712 333 731 tum,
359 714 403 728 cum
418 710 479 728 minus
490 708 527 728 late
539 707 652 728 Volscorurn

113 742 173 762 >agi-os
185 736 310 759 obducerent,
329 742 389 756 aerem
399 737 525 762 corruperint,
543 736 604 756 dicere
611 742 652 756 non

118 765 179 785 aussm.
209 764 347 790 mancipiorum
354 765 454 784 multitudo
462 766 481 784 in
491 765 554 784 eadem
564 764 622 784 domo
630 765 652 784 in

118 794 192 819 augusta
207 793 254 812 cella
266 793 373 813 habitorum
386 793 437 813 luem
448 793 497 813 haud
509 799 574 819 parum
587 797 652 812 conm-

118 823 151 847 gio
162 822 245 847 spargere
257 821 326 841 debuit.
359 821 410 841 Tum
422 822 474 847 saepe
480 826 550 841 terrore
561 822 583 841 ab
594 821 652 840 hosti-

117 851 152 870 bus
165 850 211 870 fines
222 850 355 875 populantibus
369 854 422 873 orto,
439 851 484 875 fuga
499 851 519 869 in
529 851 594 869 vrbem
606 850 651 871 faeta

118 885 185 904 pecora
196 878 310 904 agrestesque
322 879 340 898 in
353 879 416 898 vrbem
430 879 471 898 sunt
477 879 557 903 recepti:
570 879 600 901 (vt
608 877 649 897 Liv.

78 913 81 915 ⁴
118 907 156 930 Ill,
172 909 183 926 6
199 911 218 926 et
232 906 265 930 al.)
301 906 342 926 Hac
357 907 439 927 colluuie
454 907 552 926 hominum
566 907 650 926 animan-

117 937 202 961 tiumque
215 935 260 954 testa
268 941 289 954 ac
297 936 334 955 vias
342 935 436 961 vallesque
444 935 531 954 confertis
539 935 650 960 corporibus

117 964 216 990 oppleute.
238 964 331 983 interdum
346 970 379 989 per
390 964 512 983 immodicum
523 963 600 985 aestum.
618 963 649 983 seu

116 994 174 1018 frigus
186 992 290 1015 insolitum,
308 992 385 1012 aliamue
397 994 442 1012 aeris
451 993 578 1017 intemperiem
583 1006 588 1015 ,
604 998 650 1011 con-

116 1022 187 1047 tagium
195 1026 228 1046 per
234 1026 300 1040 omnes
308 1021 382 1040 ordines
387 1020 467 1047 sparsum
472 1020 506 1040 else
514 1022 556 1046 quis
561 1019 649 1041 miretur?

595 1166 648 1190 vm,
