710 1331
95 220 122 238 42
291 212 435 225 ““·-“-““

94 268 162 289 porum
175 268 274 288 rerumque
286 262 361 285 statum,
380 263 412 288 qui
425 262 458 281 snb
468 262 558 287 cuiusque
566 262 630 281 foede-

95 293 119 311 ris
127 291 230 317 paffionem
238 291 281 312 fuit.
294 291 452 316 contemplemur,
465 294 489 313 et,
503 296 551 315 quae
558 296 582 310 ex
590 291 630 310 foe-

95 320 161 339 derum
171 320 245 345 legibus
255 320 335 344 intelligi
347 323 378 339 aut
391 320 433 338 elici
448 319 524 344 poffint,
544 320 630 345 inprimit

94 354 143 374 quae
151 349 235 371 consilia,
249 354 294 373 quas
303 352 349 367 artes
355 363 361 371 ,
374 349 461 368 maritimi
470 347 536 373 populi
544 349 580 367 iam
588 351 629 367 tum

95 377 177 403 amplexi
189 377 233 399 (int,
249 377 384 402 inuestigemus.
424 376 516 396 Nondum
529 377 579 396 enim
591 376 629 396 hoc

95 412 105 425 a
116 407 204 432 quopiam
212 409 295 425 accurate
305 405 372 425 faelum
379 405 464 425 vidimus.

151 454 250 480 Polybius,
264 455 295 474 vbi
306 454 325 473 in
333 453 400 473 mulsas
410 454 454 474 belli
464 454 486 474 ab
495 454 600 474 Hannibale
608 454 628 473 in

94 482 190 504 Ron'ianos
202 484 249 503 moti
259 483 346 508 inquirit,
366 486 386 501 vt
393 482 493 502 calumnias
503 484 522 502 in
533 482 629 502 Romanos

95 512 158 534 indias,
173 518 194 531 ac
203 511 216 531 Γι
224 518 267 531 cum
275 511 342 531 Poenis
349 511 395 536 paffi
404 511 460 530 effent
467 512 490 531 ab
499 512 553 531 initio
559 526 564 534 ,
582 515 601 530 vt
609 511 629 530 hi

94 540 157 564 Italia,
173 540 205 565 ipsi
213 540 273 560 Sicilia
283 540 365 559 vniuersa
374 540 493 562 abstinerent,
509 540 589 562 refellat,
605 545 629 559 eo

95 569 243 594 descendendum
257 568 289 588 fibi
302 568 336 587 effe
350 568 406 591 vidit,
426 572 455 591 vt,
472 572 567 594 quotquot
580 569 629 588 inter

94 602 193 622 vrrumque
203 597 294 623 populum
300 596 474 622 foederaperscripta
484 596 545 619 effem,
550 598 630 616 omnino

96 629 195 651 repeteret:
212 626 295 651 inprimis
308 631 351 645 cum
362 630 405 645 natu
418 626 472 645 etiam
481 626 566 645 maximis
575 630 593 645 et
601 632 629 645 re-

96 660 137 674 rum
150 655 248 679 patriarum
258 654 386 674 callentiffiniis
395 660 416 673 ea
425 654 486 679 pallini
494 655 499 673 i
515 658 558 674 nota
566 654 628 677 effent,

95 683 173 708 iuspecla
188 687 249 702 tamen
262 689 273 702 a
287 683 304 702 se
317 683 415 707 diligenter
428 684 446 702 in
462 660 528 702 tabulis
538 684 599 702 aeneis
609 684 629 702 in

96 711 170 731 Aerario
177 711 269 736 Aedilium
278 711 300 731 ad
308 710 435 736 Capitolinum
444 711 509 731 Iouem
516 711 589 731 seruatis
601 710 629 736 h).

97 744 115 759 et
129 741 256 765 interpretata,
280 744 370 765 quantum
383 740 502 765 intelligitur,
526 741 628 760 amicorum

96 774 151 793 opera
160 768 250 792 adhibita;
264 768 414 794 quandoquidem
424 769 488 787 veteris
495 768 583 788 sermonis
591 768 629 788 Ro-

97 798 146 817 mani
159 797 195 822 ipse
208 801 272 816 monet
286 801 354 816 tantam
366 796 399 816 else
413 796 544 819 diuersitatem‚
567 801 587 816 vt
599 797 629 816 vel

96 825 196 851 pentiffimi
214 826 304 845 nonnulla
322 826 353 845 va
372 826 475 845 intentione
491 826 548 845 animi
559 826 628 845 summa

96 854 194 880 explanare
203 854 270 879 pollint
277 856 305 878 c).

153 902 180 922 Ad
189 903 259 922 bellum
268 903 324 927 igitur
332 902 423 922 Punicum
430 902 453 922 11.
462 903 519 922 sexies
527 907 558 922 aut
565 903 629 928 septies

96 932 175 952 omnino
191 931 256 950 foedus
269 931 317 950 inter
331 931 425 951 Romanos
439 935 457 950 et
471 931 629 956 Carthaginienses

97 960 152 980 idum
164 960 238 980 constat.
272 959 398 979 Adscribemus
411 966 448 979 vno
460 960 504 979 loco
514 960 628 985 fingulorum

96 989 192 1008 foederum
205 992 299 1014 tempora,
321 988 358 1008 fine
372 994 453 1013 quorum
465 989 560 1008 notatione
572 995 629 1009 nemo

96 1018 116 1037 in
130 1017 208 1037 historiis
220 1017 335 1037 excutiendis
347 1017 387 1036 satis
400 1017 477 1037 feliciter
487 1017 552 1037 versari
563 1018 627 1043 potest.

97 1089 108 1106 6
152 1058 167 1078 l.
184 1058 258 1079 Foedus
271 1058 338 1078 factum
349 1058 372 1078 V.
382 1058 404 1079 C.
414 1064 460 1083 245.
477 1065 492 1078 a.
504 1060 525 1079 C.
537 1065 580 1084 509.
595 1059 627 1079 Ol.

112 1093 134 1111 7,
150 1094 168 1112 4-

128 1148 149 1169 b)
158 1148 189 1167 111,
200 1154 213 1165 e.
222 1150 248 1167 2⁶.
604 1123 627 1143 H*

127 1178 147 1197 C)
158 1182 173 1194 οι
181 1182 207 1195 120
