710 1331
101 225 130 244 44
299 222 442 237 a

102 275 151 295 quae
158 269 258 295 politieum
265 269 344 288 omnino
351 274 411 293 genus
418 268 542 288 constituunt:
557 274 639 294 quorum
663 288 664 291 ,

102 298 182 317 nlterum
197 298 234 318 hoc
245 303 305 322 genus
322 297 380 316 multa
395 297 463 317 habere
476 297 535 322 potest
552 297 602 317 vtilia
616 304 639 317 ac
663 295 668 320 ,¹

102 326 206 352 praeclara,
225 326 276 351 prius
288 325 335 344 illud
348 325 411 350 plura,
434 331 481 351 quae
496 325 598 349 deleam,
620 330 639 345 at
663 322 668 330 ⁸

100 356 165 375 minus
177 355 259 374 vtilitatis
272 354 355 373 afferunt.
385 353 487 380 Vtriusque
498 355 571 379 generis
579 355 639 374 multa

102 383 168 408 colligi
182 383 257 409 possunt
265 389 289 402 ex
296 382 404 405 Herodoto,
419 382 506 402 Diodoro
514 387 532 402 et
540 383 638 406 Strabone,
661 384 668 407 ζ

102 412 161 432 multa
174 418 198 431 ex
213 412 253 431 aliis
267 417 306 430 non
316 411 353 430 fine
364 411 423 430 srudu
432 417 476 431 curn
484 411 602 437 scriptoribus
615 412 638 431 de
660 412 668 417 “

102 440 198 460 Americae
210 439 318 465 Afrioeeque
338 440 417 459 barbaris
432 440 561 465 comparanda.
591 439 637 463 Effe.
660 442 668 445 “

103 469 155 488 verbi
165 468 233 491 cauffa,
246 471 265 487 et
273 468 319 488 olim
334 467 396 490 fuisse,
411 469 444 493 qui
456 469 474 487 in
486 468 576 493 specubus
587 468 638 488 habi-

104 500 154 519 tent¹
174 497 300 522 Troglodytas
318 496 421 521 appellant,
440 497 486 516 nihil
498 496 554 516 habet
565 498 585 516 in
599 503 638 522 quo

103 525 185 545 multum
193 526 275 545 moreris.
291 524 357 544 Terras
362 525 440 544 incultas
449 525 542 544 abundare
551 525 639 550 serpenti-

103 554 138 574 bus
148 560 169 573 ac
178 554 230 576 feris,
246 553 344 579 paludibus
353 553 438 578 iocisque
447 553 540 578 vliginofis
549 554 638 577 laborare,

102 586 125 602 -vt
137 586 207 602 veteres
220 581 318 607 Delphos.
339 581 443 604 Arcadiam,
467 581 584 607 Argoiidem;
599 583 638 602 suc-

104 611 170 631 cedere
190 611 237 630 adeo
257 611 337 630 monstra
354 614 373 630 et
387 611 510 630 monstrorum
526 610 628 630 domitores
632 618 638 635 ;

104 639 219 665 promiscuos
239 639 321 658 ferorum
342 638 441 658 hominum
462 638 497 658 eise
516 640 638 664 concubitus;

104 668 222 688 matrimonia
234 668 353 687 barbarorum
361 668 442 687 emtione
454 668 561 687 venditione
576 672 638 693 parata

105 700 124 716 et
131 702 166 722 pro
173 696 252 716 dominii
260 701 328 720 genere
337 696 431 719 habenda;
440 696 552 716 vleiscendae
561 697 638 716 iniuriae

104 729 123 744 et
132 731 203 750 poenae
212 725 267 744 caede
271 724 315 744 faeta
321 724 434 749 expetendae
443 725 491 744 inter
502 725 587 744 barbaros
595 731 638 750 pro-

104 754 180 779 pinquis
192 753 295 778 impofitam
304 752 435 776 necessitatem3
456 753 519 778 ignem
528 754 638 773 terebrando

103 781 157 807 ligno
165 781 243 801 extundi
252 781 338 805 solitum;
352 781 449 806 (Aponon.
459 781 473 804 Ι,
489 788 495 800 ι
503 783 551 806 184)
560 788 638 807 corpora

103 810 150 835 pidia
158 814 176 830 et
184 810 297 835 stigmatibus
305 810 377 835 punsta.
383 814 402 829 vt
409 809 502 829 Thracum
511 810 569 835 (apud
579 810 639 830 Hero-

103 838 138 858 dot
142 838 166 861 V,
173 841 190 858 6.
196 843 215 858 et
219 838 285 863 alios);
294 845 304 857 a
311 838 383 863 Scythis
391 838 488 857 caluariam
496 839 598 864 itidemque
608 845 639 859 cu-

103 870 141 886 tem
155 867 252 887 detradam
266 872 300 892 pro
316 867 401 886 vicloriae
414 866 466 891 signo
481 867 561 886 habitam
575 868 638 893 (apud

103 895 158 915 eund.
170 895 204 918 lv,
212 897 244 920 64.
254 895 304 921 sq.);
312 896 397 920 inprimis
407 896 476 915 rituum
484 895 589 915 funebrium
599 902 638 915 me-

103 924 213 943 morabilem
223 924 271 943 inter
282 924 352 943 multos
363 923 444 949 populos
455 924 572 947 consensum;
587 924 638 944 fetia-

102 952 150 972 lium
162 952 282 974 sanssitatem,
299 952 359 971 oliuae
369 952 420 971 vsum
428 952 447 971 in
456 952 599 977 supplicatione;
612 953 638 972 sa.

102 981 158 1005 gittas
166 982 185 1000 in
194 982 257 1006 capitis
266 981 367 1000 diademate
374 980 418 1000 fixas
427 981 465 1007 (ap.
471 981 580 1006 Aethiopes:
590 981 636 1002 Luc.

102 1009 126 1028 de
138 1009 192 1029 saitat
205 1016 220 1029 c.
230 1009 273 1034 18):
290 1009 334 1028 haec
345 1012 364 1028 et
373 1009 416 1031 alia,
430 1010 574 1029 memorauimus
586 1011 637 1030 enim

102 1041 171 1057 temere
179 1044 226 1063 quae
234 1038 292 1057 menti
300 1044 321 1057 ac
329 1038 429 1057 memoriae
436 1037 453 1057 se
461 1038 572 1061 offerebant,
585 1044 637 1058 com·
646 1038 664 1071 'l'

101 1066 166 1085 munia
178 1066 213 1086 effe
224 1067 304 1086 barbaris
312 1070 331 1085 et
340 1067 405 1085 veteris
413 1070 432 1085 et
439 1066 495 1086 nostri
503 1067 556 1089 aeui,
571 1073 599 1086 res
611 1067 644 1087 est,

101 1095 124 1114 ad
138 1095 274 1114 obseruandum
286 1095 371 1119 expedita
384 1094 424 1114 satis
435 1098 454 1114 et
460 1095 526 1116 obuia,
545 1101 580 1114 nec
589 1096 637 1115 adeo

101 1122 176 1142 difficile
187 1124 213 1143 est
228 1123 295 1143 caussas
306 1128 394 1148 exputare
407 1129 431 1143 ex
444 1124 490 1145 vita,
509 1123 582 1146 studiis,
603 1120 643 1143 ne-'

101 1151 210 1172 ceffitatibus
228 1152 304 1172 istorum
320 1151 418 1171 hominum
429 1151 479 1171 haud
491 1152 540 1171 inter
550 1152 568 1171 se
587 1152 625 1172 diff

553 1181 617 1200 nu'fibu
