710 1331
101 201 149 225 2⁸6,
299 204 443 219 ,Ξ

99 258 152 271 mum
168 250 244 277 quidem
262 250 347 270 societate
365 251 478 276 populorum
487 250 558 271 Africae
571 255 591 272 et
605 252 639 272 Hi-

98 280 190 304 spaniae,¹
200 280 243 299 hinc
258 279 329 299 Galliae
343 284 361 298 et
374 279 445 302 ltaliae,
462 286 490 299 res
500 284 580 305 tentatag
592 287 639 300 mox

97 307 205 334 Philippus,
234 308 354 327 Macedoniae
376 314 418 330 rex,
449 305 537 333 prudenti
552 309 637 332 coniilio,

98 343 148 356 arina
164 343 208 356 curn
222 336 289 356 Poenis
306 336 389 358 sociauit,
408 336 431 355 V.
441 336 462 356 C.
475 343 519 361 537.
534 338 557 357 nd
572 339 637 363 oppri-

97 365 184 385 mendam
202 366 305 387 ciuitatem,
328 365 381 384 cuius
395 370 440 389 opes
452 365 499 385 intra
512 365 576 385 Italiae
590 366 637 386 fines

96 393 147 413 haud
157 393 192 412 esse
206 393 309 413 substitutas
321 393 420 418 apparebat
429 392 461 417 m).
490 393 583 413 Praeclare
590 394 637 414 haec

97 419 149 441 erant
166 421 248 441 consulta
265 425 283 441 et
300 421 396 446 designata,
429 421 494 441 Adfuit
509 426 571 442 tamen
582 426 603 442 et
615 424 636 442 in

96 450 134 470 hoc
148 450 237 470 Romanis
249 450 332 472 fortuna,
347 450 408 474 primo
417 450 468 475 quod
477 451 583 476 interceptis
592 450 636 471 Phi-

96 478 144 504 lippi
160 479 225 503 legatis
242 483 311 498 mature
328 478 414 503 patesassa
428 478 470 498 sunt
485 479 569 501 consilia,
592 483 634 499 tum

96 507 149 532 quod
161 513 194 532 per
206 507 298 526 intestina«
311 506 408 526 discordias
422 510 440 526 et
451 507 521 526 diuersa
532 507 634 528 samonum

95 535 154 555 studia
170 535 280 555 Annibalem
299 541 334 554 nec
348 536 402 554 armis
420 541 453 554 nee
470 536 529 560 copiis
544 537 635 556 iuuerunt

94 563 154 583 Poeni
166 564 203 587 sui3
229 564 320 589 denique,
342 563 393 589 quod
409 562 505 589 Philippus
518 564 553 583 suis
570 565 633 588 rebus,

95 598 135 612 non
151 593 246 612 communi
261 592 340 614 canisae,
355 592 428 611 studens
437 592 483 611 nihil
493 592 599 617 prouiderat
607 593 634 612 sa-

94 622 118 640 tis
132 625 248 645 opportune;
271 622 333 645 itaque
346 620 425 640 Romani
438 619 490 639 claffe
503 620 553 646 Epiri
568 621 633 642 littura

94 648 196 669 obsidendo
212 648 319 674 Philippum
334 649 354 668 in
370 654 428 673 regno
446 649 590 673 continua-unu
605 649 632 675 n)

94 677 146 697 bello
158 681 219 697 autem
234 683 277 697 cum
291 677 358 696 Poenis
370 677 423 696 finito
434 677 467 702 ipii
479 683 528 697 arma
543 677 632 704 Philippo

93 706 206 729 intulerunt;
230 706 282 725 cuius
300 711 343 725 curn
358 706 441 730 potentia
453 705 509 725 inuisa
520 705 563 725 esset
574 706 632 726 finiti-

93 735 138 756 mis,
162 735 205 759 quia
220 734 294 753 auaritia
313 737 331 753 et
348 733 447 759 cupiditate
462 740 556 759 prauaque
570 735 633 760 domi7

87 762 150 782 ¹nandi
162 762 246 781 lubidine
258 760 343 782 omnium
354 763 388 781 iras
400 765 419 781 et
430 762 473 782 odia
485 763 504 782 in
517 762 534 782 se
547 764 631 783 concita-

92 794 152 813 verat,
174 790 208 816 ipfi
222 791 260 813 illi,
282 796 363 815 quorum
375 790 457 809 interess‘e
471 791 529 810 videri
543 791 629 815 debebat=

91 823 111 838 vt
123 823 220 839 externum
230 819 322 844 populum
334 825 344 838 a
356 819 391 838 suis
399 818 466 838 finibus
474 823 587 842 auerterent,
601 821 630 839 so-

91 848 130 867 cios
142 848 161 867 se
171 847 215 867 belli
225 847 312 872 Philippo
320 847 410 866 inferendi
422 848 521 874 praebuere
525 853 532 871 ;
547 849 629 873 vicitque

90 876 137 896 adeo
152 880 237 901 acceptae
251 877 326 895 iuiurine
338 876 426 895 memoria
439 880 457 895 et
469 877 494 895 ira
504 879 575 896 metum
584 877 628 896 alia.

89 910 131 924 rum
145 908 164 924 et
177 905 284 930 grauiorum
296 905 412 926 iniuriarum,
431 909 477 929 quas
490 904 543 924 facile
555 906 628 930 praeui-

89 932 133 952 dere
144 937 230 958 poterant
240 939 250 952 a
262 932 343 958 populo,
363 933 395 957 qui
406 932 483 952 honesto
491 932 582 952 sociorum
592 939 628 953 no-

88 962 139 980 mine
147 961 265 980 seruientium
274 961 338 980 turbae
343 967 375 980 eos
380 961 480 980 adiiciebat.
496 960 524 981 lta
529 967 627 981 accreuere

88 989 108 1008 in
124 989 151 1009 his
169 995 246 1014 quoque
262 990 314 1009 terris
328 989 422 1009 Romanae
438 990 493 1011 vireu,
519 989 626 1009 donec eae

87 1020 125 1037 tam
138 1018 208 1037 validae
217 1017 283 1040 essent,
300 1021 321 1037 vt
328 1018 391 1037 frustra
400 1017 513 1037 Graecorum
523 1019 576 1037 armis
585 1022 626 1038 ten-

87 1049 174 1065 tarentur.
209 1045 255 1065 Inde
273 1052 362 1071 excepere
380 1046 397 1066 se
412 1046 473 1066 clades
490 1046 623 1069 Macedonum,

87 1074 198 1094 Aetolorum
212 1079 231 1094 et
245 1074 371 1099 Achaeorum;
395 1075 428 1100 qui
442 1074 455 1094 li
469 1075 566 1095 communi
579 1081 625 1095 con-

584 1103 625 1124 filio

119 1143 143 1163 m)
154 1142 187 1159 Liv.
196 1142 257 1160 xxm.
268 1147 289 1163 ³³
296 1142 329 1164 sqq-
336 1142 391 1164 Poiyb.
398 1142 436 1160 Exe.
444 1142 482 1162 vu.
490 1147 506 1161 Β.

118 1167 137 1186 ιι)
147 1165 182 1182 Liv.
190 1165 227 1183 ibid.
235 1171 250 1183 ¹·-
257 1168 284 1186 38.
