2586 5078
448 596 731 663 Ξ*
1034 616 1123 704 ἰιι

60 785 212 888 p'ublice
238 784 290 863 de⁴
303 786 346 861 iir
363 783 521 883 scriptis,
545 804 643 882 ,quae
657 783 695 856 in
713 787 1024 866 concertationem
1045 814 1132 890 pro·

62 901 207 976 dietant
240 899 346 999 super
378 897 650 997 quaestionibus
677 893 862 995 superiore
887 924 987 976 anno
1009 905 1131 992 vestris

61 1012 188 1088 studiis
218 1010 423 1112 propositis.
490 1007 709 1088 Meministis
731 1009 867 1087 scilicet
894 1016 1132 1094 constitutum

12 1181 19 1191 .
63 1123 132 1203 else
164 1125 415 1224 sancitamque
437 1125 556 1221 Regio
574 1119 720 1212 Edroo,
756 1142 795 1198 vt
819 1131 1024 1223 quotannis.
1042 1152 1132 1228 qua.

61 1250 149 1314 tuor
173 1239 401 1337 quaestiones
427 1237 473 1312 de
500 1260 540 1311 re
559 1234 708 1334 aliqua,
737 1238 895 1320 aveliris
910 1240 1044 1326 studiis,
1068 1268 1134 1323 au·

61 1354 121 1426 nis
148 1365 184 1426 et
207 1351 447 1450 potestibus,
476 1348 573 1425 haud
590 1347 738 1436 aliena,
755 1365 1029 1451 proponantur,
1063 1354 1134 1434 sni.

61 1462 173 1562 gulae
206 1487 225 1537 a
256 1463 406 1562 fingulis
432 1459 656 1554 Ordinibus3
695 1465 808 1539 ‚cuius
838 1465 989 1541 instituti
1014 1466 1135 1544 consi.

63 1577 158 1653 lium
181 1578 253 1654 iam
280 1576 348 1652 illo
371 1588 557 1674 tempore,
588 1596 667 1673 quo
685 1574 778 1650 illud
792 1576 969 1660 winditium
985 1579 1055 1658 suit
1071 1581 1129 1677 *)‚

62 1688 146 1766 satis
170 1713 190 1765 a
215 1688 324 1765 nobis
341 1689 399 1765 <est
424 1688 665 1776 declaratum,
694 1702 734 1762 vt
754 1689 803 1778 ii,
836 1692 902 1788 qui
926 1681 1132 1774 litterarum

64 1801 291 1879 curriculum
321 1804 392 1879 iam
422 1802 498 1878 sere
530 1811 754 1899 exegerunt,
793 1804 843 1877 ita
863 1817 902 1878 rt
920 1804 1039 1890 studia
1068 1807 1131 1886 sua

63 1939 157 1992 mox
179 1918 218 1990 in
245 1914 369 1991 sorum
394 1938 435 1994 ac
461 1913 645 2015 populum
672 1913 850 2011 prolaturi
872 1914 960 2007 fiut,
992 1941 1131 2018 oppor-

62 2031 259 2106 tunitatem
284 2027 457 2116 habeant,
493 2051 565 2127 qua
586 2025 704 2103 alletli
729 2042 766 2101 et
787 2027 932 2126 impulfi
949 2053 1010 2120 ea,
1036 2054 1134 2131 quae

65 2141 245 2232 didicere,
288 2143 412 2218 animo
445 2139 628 2227 recolant,
670 2139 857 2236 digerant,
903 2155 941 2218 et
963 2142 1130 2221 oratione

64 2279 108 2333 ac
138 2256 333 2354 scriptione
370 2267 578 2353 exponant,
623 2252 766 2350 ingenii
796 2267 942 2344 autern,
990 2254 1129 2347 iudicii,

67 2368 253 2445 dotlrinae
285 2382 321 2444 et
354 2371 458 2454 artis,
492 2388 573 2464 ‘qua
596 2388 658 2452 ea,
700 2387 794 2464 quae
820 2365 885 2466 ipfi
909 2368 1129 2461 didicerunt,

67 2485 326 2579 excogitarunt
345 2495 407 2557 aut
431 2475 608 2578 assequuti
633 2478 733 2566 sunt,
773 2480 938 2573 autaliis
959 2481 1043 2558 sunt
1060 2498 1132 2565 ιιι,

66 2594 186 2670 denda
210 2609 275 2671 aut
300 2595 537 2693 negotiorum
564 2616 649 2669 cura
671 2606 708 2666 ct
724 2593 886 2689 gestione
903 2594 1131 2688 declaranda,

66 2707 250 2806 specimen
280 2720 317 2785 et
347 2708 614 2784 documentum
640 2703 788 2803 publice
814 2706 939 2784 edant:
975 2732 1052 2809 quo
1074 2713 1133 2786 in·

42 2821 186 2920 telligi
209 2819 316 2920 poffit
337 2845 415 2896 non
438 2844 458 2895 a
481 2820 588 2895 nobis
614 2818 750 2903 modo,
792 2842 921 2898 verum
948 2824 1056 2898 etiam
1084 2822 1133 2900 ab

67 2933 166 3023 aliis,
192 2948 381 3034 ,quantum
403 2934 559 3032 quisque
575 2930 705 3007 litteris
723 2930 938 3029 proiecerit3
968 2949 1005 3009 et
1019 2937 1132 3012 animi

66 3048 283 3146 ingeniique
308 3048 446 3122 viribus
475 3044 603 3136 valeat.
670 3041 987 3143 Quandoquidem
1009 3060 1132 3128 autem

66 3161 107 3236 in
133 3159 288 3235 iuuenili
313 3157 542 3235 aetatehaec
568 3160 698 3255 opera,
735 3156 825 3232 haec
849 3159 962 3233 animi
979 3174 1134 3236 conten·

67 3274 141 3361 tio,
183 3272 281 3348 haud
309 3260 416 3347 sacile
444 3294 465 3346 a
500 3268 626 3346 mult—is
648 3268 855 3367 suscipitur,
893 3268 959 3346 nisr
981 3286 1133 3353 externa

63 3388 188 3485 'aliqua
219 3382 392 3483 impulsio
415 3380 614 3462 accesserit:
652 3381 745 3481 ¹quid
773 3382 921 3459 tandem
946 3388 1134 3484 potentius

68 3514 106 3576 et
141 3495 322 3575 efficacius
354 3494 423 3574 else
455 3496 666 3596 putabimus
683 3494 770 3572 ‘hac
800 3495 947 3594 publica
978 3513 1134 3576 conten-

66 3616 189 3701 tione,
231 3610 410 3709 adquam
435 3607 544 3685 multi
567 3607 779 3697 confluunt,
822 3611 922 3709 iique
951 3612 1133 3711 aequales,

68 3740 106 3802 et
128 3724 257 3801 iisdem
276 3724 471 3820 magistris,
500 3722 634 3821 quibus
652 3722 871 3821 profecistis,
898 3724 1080 3802 iudicibus
1097 3739 1135 3804 et

68 3836 233 3915 arbitris?
270 3836 360 3913 Non
383 3837 495 3935 igitur
520 3836 548 3910 ii
572 3835 706 3923 modo,
754 3837 819 3936 qui
841 3840 1042 3935 praemium
1065 3841 1134 3922 ob,

68 3953 265 4040 tinuerint,
311 3950 501 4026 utilitatem
532 3962 569 4041 et
598 3947 754 4025 frustum
777 3971 823 4024 err
843 3949 916 4027 hoo
935 3954 1134 4040 certamina

67 4065 207 4164 sperare
244 4063 399 4152 debent,
447 4083 576 4138 verum
604 4084 679 4153 ¹nec
708 4064 831 4138 minus
853 4064 881 4138 ii
903 4086 1033 4140 omues
1062 4087 1132 4163 pro

966 4199 1132 4277 praemro

128 4428 169 4511 ⁰)
193 4427 234 4496 V.
255 4373 553 4515 programma‘sup.
568 4432 641 4499 anni
656 4434 689 4498 ιἰι
701 4451 733 4499 a.
749 4430 781 4496 d.
800 4428 883 4497 Iunii
897 4427 963 4498 17.
