710 1331
118 217 145 242 μ’
313 220 455 235 Ξ

118 267 151 290 fit,
166 270 186 287 vt
194 267 277 287 colonias
286 266 325 286 suas
332 265 412 285 Romani
420 263 467 286 adeo
477 266 568 287 obnoxias
576 270 594 286 et
602 266 651 286 iussis

119 296 238 321 imperiisque
256 298 340 320 parentes
356 295 449 314 haberent.
490 294 610 320 Iamprimum
628 296 651 315 iis

119 330 141 343 ea
153 324 230 343 felicitas
242 324 330 348 contigit,
352 326 372 342 vt
382 326 452 342 mature
461 323 576 351 coloniarum
583 324 651 343 sortem

119 356 139 372 et
145 352 272 372 conditionem
281 355 329 371 certa
338 351 380 376 lege
388 352 529 375 constituerent,
542 358 583 375 nec,
598 352 650 377 quod

119 380 204 406 Europae
221 380 288 406 populi
302 380 389 399 admisere
404 380 443 399 fere
459 386 535 403 omnes,
556 386 599 400 eum
611 386 651 400 non

118 409 196 429 eonfiiio
208 413 269 431 certo,
289 408 319 427 sed
333 408 399 433 partim
408 409 505 428 temerario
515 409 651 429 nonnullorum

119 438 233 463 priuatorum
240 437 292 459 ausu,
305 437 372 462 partim
380 437 460 459 auaritia,
473 438 539 462 partim
549 437 596 456 odiis
606 438 652 457 ciui·

118 465 168 485 libus
176 471 197 485 ac
208 465 306 490 religionis,
319 464 450 490 susciperentur
458 465 552 488 coloniae,
567 465 614 485 oesui
623 472 651 485 re-

118 499 198 519 rumque
209 494 294 513 fortunae
307 499 346 512 eam
362 493 492 518 permitterent„
526 494 574 513 Cum
588 498 651 514 autem

118 522 141 541 ad
151 522 254 541 retinendas
262 522 282 541 in
290 521 352 541 officio
361 527 382 540 ac
389 521 511 541 fidecolonias
519 521 565 541 duae
571 523 650 542 maxime

119 551 159 570 viae
168 554 186 570 et
196 551 275 569 rationes
285 550 328 572 fint,
341 553 362 568 vt
370 552 402 568 aut
408 550 446 575 pari
454 556 496 569 curn
504 550 602 575 metropoli
611 551 650 570 iure

119 579 261 601 constituantur,
281 582 312 597 aut
322 578 412 597 deteriore
424 578 469 597 fint:
487 578 579 601 Alterum,
598 579 650 603 quod

118 607 193 632 quidem
200 607 270 626 iuribus
280 606 550 629 humanitatiseonsentaneum,
555 611 573 626 et
579 607 601 626 ad
610 607 651 626 feli-

119 636 191 655 citatem
200 635 294 660 publicam
301 641 322 654 ac
329 635 424 659 priuatam,
437 640 484 660 quae
492 635 529 654 fine
536 636 580 654 iuris
587 636 649 660 aequi-

118 667 155 683 tate
163 669 201 683 non
210 663 243 683 nisi
254 663 277 683 ad
289 667 358 689 partem
367 666 439 682 tautum
448 664 517 683 ciuium
525 670 599 683 manare
607 668 650 689 pot-

118 692 154 715 est,
175 692 281 717 primarium
294 692 329 714 est,
348 697 387 710 non
395 691 428 710 nisi
440 691 516 711 confilio
527 696 545 711 et
552 692 649 717 prudentia

118 720 163 740 stare
174 720 232 745 potest
244 720 323 743 summa;
339 719 439 739 videndum
449 720 509 743 enim,
524 724 544 739 vt
555 724 649 746 metropo-

117 748 141 768 lis
154 749 238 768 omnium
249 754 309 768 rerum
325 748 413 767 summam
427 751 446 767 et
457 748 555 774 imperium
565 750 648 772 retineat,

115 780 137 796 et
153 777 276 796 vniuersarum
289 781 308 796 vt
322 777 469 801 prouinciarum,
489 777 513 796 ita
526 777 648 800 coloniarum,

118 809 184 830 caput,
208 806 268 824 omnis
281 805 325 824 iuris
341 808 359 823 et
371 804 480 824 auetoritatis
496 805 538 824 sons
554 809 572 824 et
586 806 647 830 origo,

117 834 202 853 omnium
214 840 275 853 rerum
284 833 305 853 fit
315 833 434 858 principium,
450 836 470 852 vt
478 833 542 853 coloni
551 839 569 853 et
576 833 606 853 sua
615 834 648 853 sibi

116 863 157 881 iura
165 862 244 881 habeant
251 863 304 881 etius
313 861 403 880 summum
411 867 421 880 a
432 862 531 887 metropoli
540 866 611 887 petant,
627 866 648 882 vt

116 891 142 909 ‘ne
154 890 201 915 ipsae
212 891 259 910 inter
273 890 290 909 se
305 889 367 915 plures
380 890 498 914 paucioresue
509 891 574 913 artius,
591 896 648 915 quam

114 924 160 938 tum
178 919 286 943 metropoli,
307 917 402 937 vinculum
419 922 438 937 et
455 919 604 938 coniunssionom
615 919 647 938 ha-

117 947 182 969 beant,
202 950 221 966 et
232 947 256 966 sic
264 947 308 968 alia,
321 952 368 971 quae
375 946 478 971 prospicere
486 946 560 966 difficile
568 947 603 970 est,
618 948 648 967 in.

116 976 180 1000 primis
192 976 211 994 in
224 981 290 1001 magna
301 975 386 995 locorum
394 974 529 1000 longinquitate
537 979 556 995 et
563 975 647 995 colonia.

115 1010 167 1027 rum,
187 1004 241 1025 caeli,
257 1004 300 1026 soii,
317 1003 451 1026 institutorum,
469 1003 582 1028 diuerfitate;
596 1004 647 1024 Alte-

114 1038 157 1051 rum
169 1033 235 1057 exigua
247 1032 340 1057 perficitur
352 1031 447 1057 sapientia.
463 1037 504 1051 cum
514 1033 533 1051 in
541 1034 646 1057 parentium

113 1064 132 1080 et
140 1060 257 1080 seruientium
266 1061 328 1080 locum
337 1063 356 1079 et
364 1060 448 1079 ordinem
456 1060 578 1080 detruduntur
586 1062 646 1086 capita

113 1088 181 1112 liberem
201 1090 261 1108 multo
274 1090 341 1114 magis,
358 1088 371 1107 si
382 1088 461 1107 libertati
476 1089 553 1108 naturali
565 1095 585 1108 ac
593 1090 645 1109 ciuili

113 1117 183 1136 ciuium
196 1117 302 1137 subducitur
315 1121 333 1136 et
345 1116 430 1136 auellitur
443 1123 498 1136 omne
506 1117 536 1140 id,
550 1118 615 1143 quod
610 1124 644 1137 im-

112 1147 164 1170 per10
180 1146 199 1165 in
213 1151 246 1165 eos
258 1147 296 1166 vim
309 1150 327 1165 et
338 1149 455 1165 momentum
464 1145 505 1165 satis
513 1152 570 1171 graue
577 1146 644 1165 addere

572 1175 643 1200 potestg
