2580 4996
105 606 189 711 tri
491 618 782 685 923¹!

105 820 192 892 nrm
211 805 269 888 rar
291 801 442 912 publici
457 812 554 888 inter
567 809 665 887 bellu
681 808 781 887 aliud
800 820 848 886 ex
869 799 943 889 aun
958 806 1175 890 cononum

104 923 211 1002 aliter
234 925 419 1002 litlientarl
435 941 514 1003 non
531 934 693 1024 poterat,
721 925 929 1024 potentium
946 938 1068 1001 autem
1084 945 1173 1004 cen-

104 1036 164 1118 ius
187 1039 244 1116 liis
266 1029 349 1140 ipsss
371 1037 592 1127 latifundiis,
637 1037 773 1138 quibua
797 1036 925 1116 Socios
951 1050 1014 1115 aut
1034 1040 1089 1115 vir
1107 1051 1174 1117 aut

103 1143 291 1230 riacellrtas
307 1153 505 1242 deiecerat,
532 1152 801 1245 aestimabatur3
829 1153 955 1251 itaque
974 1169 1044 1228 nec
1060 1151 1175 1230 Senu-

102 1272 167 1342 ωε
193 1279 257 1344 aut
280 1266 507 1344 miseratione
522 1276 586 1341 aut
600 1266 780 1364 aequitate
800 1279 992 1365 permotus
1007 1281 1172 1366 unquam

104 1377 393 1458 ittccurrendum
416 1376 485 1456 else
508 1375 724 1468 cenluillet,.
745 1377 810 1455 nifi
828 1382 1058 1478 priuatorum
1076 1399 1174 1457 nouo

105 1493 298 1570 nullorum
313 1493 428 1571 modo
447 1491 579 1569 utilitas
595 1491 709 1570 modo
727 1493 919 1592 cupiditas,
945 1516 1024 1568 non
1041 1491 1171 1570 Socio-

105 1627 190 1708 rum
216 1604 350 1696 caulla,
383 1604 537 1684 meliora
558 1603 718 1684 suafillet
777 1605 873 1683 Nam
896 1603 1031 1684 fadiol'r
1048 1605 1171 1683 homi-

106 1738 174 1794 ner
203 1717 308 1795 audio
339 1744 406 1820 per
428 1743 549 1797 nouos
570 1721 669 1796 ciues
685 1718 942 1819 suffragiorum
958 1740 1116 1797 numero
1132 1719 1169 1796 le

106 1831 147 1907 in
180 1833 339 1910 comitiis
369 1854 521 1933 regnare
554 1830 652 1932 polle
686 1832 875 1928 videbant3
916 1831 1173 1933 implicabatur

106 1959 222 2044 porro
249 1946 442 2025 Sociorum
464 1944 652 2046 postulatis
676 1944 769 2044 legis
793 1949 951 2046 agrariae
969 1960 1006 2022 et
1020 1947 1172 2024 iudicia·

105 2059 180 2137 riae
198 2063 389 2139 eontentio
404 2065 475 2138 iam
493 2059 616 2137 indua
633 2057 717 2136 Tib.
737 2057 925 2150 Gracch0,
957 2059 1077 2137 multo
1093 2083 1171 2136 ma·

105 2173 164 2270 gis
180 2172 307 2251 decem
325 2177 429 2250 annis
445 2174 558 2273 posta
574 2170 666 2252 Caio
680 2170 733 2273 (a.
753 2179 845 2267 632.
862 2197 896 2250 v.
913 2172 967 2271 c.)
982 2175 1031 2249 ita
1047 2186 1087 2250 vt
1105 2173 1171 2251 ille

108 2278 148 2360 id
175 2297 318 2386 ageret,
351 2302 397 2393 rt
421 2286 536 2365 Sociis
559 2276 717 2375 Latinis,
756 2281 835 2362 turn
861 2283 978 2363 Italici
994 2289 1169 2378 nominis.

66 2464 72 2476 ,
107 2416 227 2498 aeque
254 2421 296 2475 ac
319 2402 462 2486 ciuibus
486 2398 664 2478 Romanis
687 2402 743 2475 ius
768 2396 908 2477 Romae
938 2398 1173 2499 l'uffragiiie·

107 2504 215 2588 rendi
229 2509 327 2609 pellet
349 2514 375 2589 d
382 2510 424 2613 ),·
460 2537 546 2590 cum
573 2515 709 2588 interea
733 2513 785 2607 (a.
805 2507 920 2615 629.)
938 2511 993 2590 Μ.
1014 2511 1171 2592 Fuluius

107 2613 190 2700 Col.
226 2624 353 2703 Socios
388 2625 507 2726 palam
534 2626 793 2726 aduiuitatem
821 2623 1016 2727 petendam
1047 2632 1173 2703 conci·

104 2735 225 2828 tallet,
249 2737 330 2814 latis
346 2762 500 2840 quoque
516 2738 660 2844 legibue
677 2738 721 2815 de
738 2740 885 2816 ciuitate
905 2738 1020 2817 Sociis
1037 2740 1170 2832 danda,

104 2853 243 2951 quibus
271 2855 349 2951 agri
373 2852 450 2929 dari
477 2877 554 2931 non
581 2849 733 2953 pollent
799 2852 954 2947 ‘Quibus
977 2856 1171 2932 conatibus

104 2961 257 3042 Senatus
283 2969 411 3043 acriter
436 2991 521 3044 cum
544 2964 748 3057 obstitisset,
785 2966 831 3044 de
856 2966 1058 3045 defetiione
1075 2967 1171 3045 clam

103 3077 201 3155 inter
225 3079 353 3159 Socios
381 3080 431 3156 est
457 3084 643 3182 agitatum.
730 3077 1009 3182 Consequutunu
1040 3080 1167 3172 estid,

103 3193 209 3291 quod
233 3216 298 3292 per
321 3218 451 3272 omnes
468 3194 620 3272 humani
637 3195 780 3290 generis
800 3194 947 3270 annales
965 3188 1097 3272 salioru
1115 3197 1169 3272 vi·

104 3303 254 3396 demur,
291 3321 331 3382 vt
349 3310 392 3396 ii,
423 3330 518 3407 quos
535 3308 652 3389 aliena
671 3309 820 3391 iniuria,
850 3306 1015 3405 superbia
1033 3322 1070 3383 et
1085 3332 1168 3385 cru-

102 3416 251 3508 delitas,
287 3435 326 3496 vt
340 3421 466 3497 vltima
487 3421 645 3521 experiri
665 3417 813 3509 malint,
839 3418 972 3517 adegit,
993 3433 1167 3518 tanquam

102 3519 247 3609 scelesta
273 3544 310 3610 et
332 3534 467 3611 nefaria
494 3534 565 3612 auli
592 3535 722 3634 poenis
743 3530 1002 3632 suppliciisque
1018 3554 1165 3608 coerce-

99 3658 238 3721 rentur.
309 3643 507 3747 Opprellae
525 3645 788 3725 Asculanorum
811 3660 847 3721 et
862 3643 1164 3742 Fregellanorum

100 3759 395 3849 coniurationes,
423 3772 619 3861 antequam
641 3754 789 3836 consilia
803 3759 883 3836 satis
899 3757 1161 3867 maturuillent,

100 3866 181 3969 aL.
201 3868 356 3972 Opimio
379 3871 559 3951 Praetore.
624 3871 833 3950 Exulcerati
861 3873 1006 3963 denuo,
1046 3892 1162 3951 teme·

96 3986 193 4062 rario
216 3985 386 4075 confluo,
414 3986 605 4065 Sociorum
626 3990 739 4063 animi
756 3979 857 4084 Lege
877 3982 1017 4063 Licinia
1034 3985 1160 4065 lllucia

94 4103 169 4174 uo
178 4121 225 4196 59
249 4099 295 4177 de
322 4100 465 4178 ciuibus
492 4101 684 4201 regundis,
715 4123 762 4176 ex
786 4122 859 4200 qua
876 4096 1005 4176 remiili
1023 4099 1158 4204 in'luas

255 4232 260 4239 “
1029 4215 1157 4289 ciuita-

156 4363 204 4452 d)
223 4365 307 4451 lnpr.
325 4368 481 4436 Plutarch.
494 4371 517 4436 1.
533 4392 562 4434 c.
579 4367 627 4434 καὶ
639 4367 708 4439 τούς
721 4367 869 4442 Λατίνους
882 4370 932 4434 rat
945 4368 1060 4442 adam
1069 4369 1156 4453 (lag.

206 4451 257 4516 ixl
269 4451 392 4536 πάντα)
405 4454 505 4519 ἐκάλει
519 4456 579 4518 raia
592 4452 742 4531 Ῥωμαίων
755 4466 818 4523 etc.
