2496 4936
59 823 132 901 lioee
152 821 234 899 dies
262 843 362 899 non
382 831 501 896 tanto
516 819 709 896 candidior
721 820 943 925 fanlliorque
956 822 1136 931 lllnxerit,

61 960 116 1037 qno
131 936 269 1012 laetius
305 936 519 1011 ciuitatem
542 934 639 1010 hanc
662 936 879 1028 enitescere,
909 945 1047 1024 ciuium
1062 951 1137 1030 fre.

63 1055 230 1151 quendam
252 1048 498 1136 increscere,
534 1047 651 1124 studia
666 1050 927 1130 excandescere
942 1059 1134 1145 ridemus?

13 1211 15 1220 ‚
65 1189 125 1241 non
145 1166 343 1241 laetemur
369 1184 573 1238 numemm
597 1164 737 1238 ciuium
761 1164 928 1257 andum,
955 1169 1017 1249 sed
1039 1180 1136 1257 eins

66 1280 150 1355 nodi
182 1282 385 1355 iuuenum
418 1271 558 1351 acceffu
587 1290 626 1350 et
651 1275 928 1375 supplemento,
972 1307 1136 1385 quorum

67 1395 199 1492 ingenia
214 1390 477 1491 expolinerit,
506 1410 668 1486 quorum
684 1414 806 1467 mores
821 1391 972 1472 finxerit
988 1416 1053 1477 aut
1060 1403 1138 1483 for.

69 1521 145 1582 tuna
167 1507 316 1582 lautior
345 1517 411 1579 aut
434 1499 567 1577 melior
579 1502 783 1579 institutio?
812 1509 1005 1606 quicum,
1030 1517 1137 1616 inga-

70 1645 133 1696 nna
154 1619 315 1708 indole,
354 1623 450 1694 vitae
474 1615 673 1713 elegantia,
704 1640 850 1694 morum
868 1623 1052 1720 probitate
1067 1630 1134 1731 ipli

69 1733 358 1819 ieoondneant,
394 1728 601 1806 academica
630 1728 821 1829 disciplina
846 1732 944 1812 haud
976 1739 1135 1821 difficnl.

71 1862 119 1923 ter
149 1840 445 1924 contineantur?
492 1856 551 1931 rt,
590 1840 617 1917 ii
654 1843 859 1920 academiae
897 1848 1133 1937 humanitatis

71 1984 143 2037 non
181 1963 310 2037 minus
364 1979 477 2057 quam
514 1954 721 2033 litterarum
763 1955 932 2038 officinae
972 1964 1042 2043 elie
1087 1971 1135 2050 de

72 2076 196 2163 beant,
241 2072 317 2149 hoc
348 2073 502 2147 nomine
532 2092 636 2146 nunc
664 2093 750 2147 cum
780 2077 941 2153 maxime
969 2077 1136 2183 Georgia

72 2186 229 2287 Augusta
254 2183 473 2285 appellanda
496 2181 557 2276 fit3
595 2206 707 2282 quam
727 2188 838 2264 etiam
858 2189 1041 2283 aduenae,
1067 2200 1135 2295 qni

70 2325 136 2378 nos
159 2300 321 2388 adeunt,
356 2300 498 2398 quique
532 2319 579 2374 ex
605 2294 760 2375 incellus
790 2301 984 2395 modestia,
1025 2310 1135 2388 nullo

72 2418 210 2491 riarum
234 2411 301 2490 nili
329 2412 376 2488 ad
401 2411 580 2488 auditoria
604 2412 854 2490 festinantium
875 2416 1045 2518 strepitu,
1085 2447 1135 2506 ex

71 2527 278 2629 frequentia
304 2528 344 2601 in
383 2524 531 2624 templis
569 2525 851 2626 compotitoque
883 2529 930 2606 ad
958 2537 1134 2633 pietatem

71 2655 106 2719 et
124 2640 303 2719 audiendi
332 2638 493 2715 studium
518 2637 645 2715 habitu
666 2662 708 2716 ac
728 2639 852 2731 vultu,
882 2645 1062 2726 indicium
1083 2652 1139 2728 fa.

71 2758 189 2843 dunt,
215 2754 285 2831 hac
300 2753 407 2830 laude
433 2755 566 2827 eximie
584 2756 856 2831 commendant
913 2757 1020 2837 Nihil
1035 2767 1137 2845 enim

69 2868 246 2969 segniter,
283 2867 375 2943 nihil
400 2864 601 2942 socorditer
623 2880 662 2941 et
688 2866 818 2967 supine
832 2874 891 2967 agi
907 2875 1057 2970 vident3
1084 2879 1138 2958 le·

69 2983 224 3071 dulitas,
253 2982 446 3068 industria,
472 2979 632 3055 studium
646 3002 728 3056 acre
749 2996 786 3057 et
803 2987 986 3064 incitatius
1001 3004 1136 3070 mutuo

67 3095 256 3197 adspedu,
290 3093 485 3199 exemplu,
521 3096 762 3190 contagione,
800 3096 959 3178 stimulat
986 3112 1138 3184 etexci.

67 3227 137 3301 tat,
169 3225 208 3287 et
230 3208 374 3310 pudore
388 3205 566 3284 suffundit
583 3209 692 3284 etiam
708 3210 895 3287 tardiores.

180 3434 307 3531 Quam
337 3436 478 3513 vtinam
504 3432 651 3511 laudem
678 3432 744 3512 fibi
774 3440 959 3538 propriam
986 3464 1030 3517 ac
1054 3466 1138 3542 per.

65 3565 221 3654 petuam
252 3548 385 3627 habeat
422 3549 512 3626 haec
547 3549 665 3624 nostra
689 3549 891 3629 academia!
929 3557 1066 3633 vtinam
1095 3582 1138 3640 ea

66 3667 198 3753 vobis,
233 3661 363 3753 Ciues,
397 3659 580 3762 propofita
595 3660 638 3736 fit
652 3658 811 3761 gloriosa
833 3679 871 3742 et
885 3670 1136 3752 memorabilia

64 3778 319 3865 concertatio,
356 3790 396 3851 vt
416 3775 543 3853 latiam
568 3773 665 3852 hanc
687 3775 866 3877 exemplis
883 3780 1025 3872 vestris,
1055 3807 1139 3865 mo.

65 3917 153 3972 rum
179 3914 223 3968 ac
242 3889 454 3990 disciplinae
478 3889 666 3965 honestate
690 3904 727 3965 et
753 3890 952 3989 dignitate,
990 3898 1136 4000 conspi.

66 4030 178 4086 cnam
200 4006 423 4082 academiam
452 4003 649 4090 tueamini,
687 4023 836 4103 quaque
857 4005 999 4086 locastis
1025 4011 1136 4094 laude

67 4144 110 4197 ac
131 4120 248 4208 fama,
286 4122 385 4194 inea
408 4115 557 4194 firmetis
575 4115 677 4190 illam
695 4132 732 4191 et
750 4117 953 4208 stabiliatis,
979 4123 1138 4224 diligen.

65 4249 198 4335 terque
224 4231 470 4333 prouidentis,
502 4254 570 4318 ne,
611 4228 713 4327 quod
747 4229 850 4331 saepe
873 4234 1029 4325 fadum,
1068 4241 1139 4322 hac

66 4366 168 4452 parta
189 4371 259 4451 per
284 4369 353 4423 vos
376 4345 702 4535 exillimationeBet
729 4343 837 4425 laude
858 4350 965 4426 vuius
983 4351 1138 4430 alicuius

690 4482 713 4532 2
994 4465 1138 4542 inutilia
