2496 4936
117 881 294 963 barbaros
310 895 392 961 tum
402 878 506 960 cultu
521 880 708 982 expolitos
723 879 825 958 suere
841 872 1038 958 inuentae!
1055 901 1188 960 ornnes

119 1019 141 1075 a
164 1020 280 1097 prauo
297 998 415 1074 studio
431 996 576 1073 homini
604 994 830 1071 assimulandi
856 997 967 1073 deum
992 995 1187 1095 profectae.

118 1106 237 1190 Petita
255 1110 339 1188 sunt
354 1110 572 1188 morborum
587 1110 746 1185 remedia
763 1111 939 1187 avatibus
957 1123 994 1189 et
1002 1111 1049 1188 ab
1059 1121 1192 1191 oracu·
1244 1182 1248 1188 .

119 1222 179 1316 lis,
191 1248 284 1325 quae
295 1228 391 1303 inter
404 1224 501 1303 seros
512 1221 675 1324 populos
696 1223 888 1326 plerosque
906 1247 927 1300 a
945 1224 1193 1324 praestigiato-

123 1340 226 1430 tibus
242 1339 489 1439 expesiantur,
507 1340 585 1437 qui,
604 1335 666 1413 etit
680 1337 803 1414 herbis
820 1361 863 1414 ac
887 1338 1072 1414 radicibus
1089 1337 1194 1414 adhi-
1226 1383 1233 1487 p

126 1452 214 1530 bitis
237 1452 469 1541 salutaribus,
486 1452 531 1529 ad
548 1453 700 1528 morbos
715 1465 839 1528 tamen
854 1450 1097 1551 depellendos
1114 1474 1192 1541 eos,

127 1587 224 1668 quos
238 1568 368 1667 genios
385 1565 447 1644 seu
465 1565 609 1667 spiritus
625 1566 808 1666 appellare
827 1564 997 1654 solemus,
1015 1569 1195 1642 inuocan-

128 1678 347 1758 dossrbielle
363 1695 502 1780 putant
524 1677 637 1779 Atqui
647 1681 742 1775 inter
750 1679 839 1756 haec
850 1679 922 1778 ipsa
933 1682 1018 1756 artis
1031 1679 1195 1755 medicae

129 1794 226 1870 iuter
251 1791 414 1871 Graecos
440 1797 558 1893 prima
582 1791 668 1870 iasia
689 1792 773 1869 sunt
795 1794 1047 1870 fundamenta.
1104 1792 1198 1885 Quo
1231 1870 1239 1912 r

131 1903 211 2008 ipso
234 1905 294 1995 fit,
328 1923 369 1985 vt
393 1911 433 1984 in
455 1909 623 1985 omnium
652 1905 728 1984 sere
753 1909 885 1983 artium
913 1922 950 1983 et
967 1908 1200 1984 scientiarum
1230 1910 1241 1960 '2-

131 2021 341 2120 originibus
373 2021 634 2120 inuestigandis
657 2020 703 2097 ad
729 2020 932 2120 priscorum
965 2036 1001 2099 et
1028 2021 1200 2097 barbaro·

132 2156 216 2213 tum
237 2134 435 2212 homiuum
458 2136 655 2235 opiniones
671 2149 710 2211 et
722 2135 884 2211 instituta
900 2134 1129 2211 redeundum
1153 2134 1199 2211 ab

131 2249 254 2349 ,iisque
293 2252 410 2350 prima
442 2248 512 2326 lint
541 2241 664 2326 rerum
706 2273 831 2326 earum
865 2248 1047 2325 elementa
1086 2248 1202 2325 dedu·

135 2362 263 2440 cenda.
330 2358 434 2440 Adeo
458 2386 596 2440 numen
627 2359 675 2440 0.-
695 2361 750 2440 Μ.
775 2363 1015 2440 constitutum
1045 2359 1113 2440 else
1136 2386 1204 2439 vo·

134 2474 218 2565 luit,
239 2490 278 2553 vt
292 2500 344 2566 ea,
362 2478 497 2578 quibus
511 2478 672 2552 inuentis
688 2476 961 2553 humanamens
975 2476 1031 2553 vel
1043 2478 1205 2554 maxime

136 2588 299 2688 superbit
321 2614 363 2671 ac
385 2589 583 2690 gloriatur,
621 2614 642 2666 a
666 2590 804 2666 summa
826 2591 1078 2668 imbecillitate
1096 2605 1133 2667 et
1148 2593 1206 2666 in·

137 2701 251 2780 santia
277 2707 417 2803 ingenii
435 2704 656 2804 procedant,
694 2718 825 2804 vtque,
860 2706 921 2779 vbi
946 2705 991 2780 ad
1023 2705 1205 2804 fastigium

137 2815 345 2896 subtilitatis
364 2832 400 2912 et
416 2817 582 2894 scientiae
600 2815 800 2915 peruenisse
815 2819 923 2894 nobis
941 2816 1120 2909 videmur,
1139 2821 1207 2896 ite-

139 2953 223 3009 rum
244 2926 501 3008 subsistendum
534 2934 640 3008 nobis
667 2931 710 3008 sit
728 2955 773 3007 eo
798 2935 837 3007 in
855 2932 962 3020 loco,
992 2956 1071 3031 quo
1090 2934 1207 3008 imbe-

139 3044 330 3122 cillitatem
358 3060 396 3122 et
417 3046 605 3122 infantiam
632 3047 772 3147 ingenii
794 3047 906 3122 nostri
920 3051 1041 3143 arguit
1054 3043 1209 3123 inscien.

141 3159 191 3235 tia
220 3162 389 3237 omnium
419 3182 570 3244 eorum.
622 3183 715 3260 quae
741 3159 787 3237 ad
810 3158 921 3259 ipsam
947 3184 1069 3238 rerum
1103 3175 1209 3236 natu-

142 3276 392 3376 tenaciusque
410 3269 545 3353 caussas
560 3275 737 3351 tenendas
756 3297 826 3351 nos
844 3274 1045 3375 perducere
1061 3272 1205 3375 possint
