2586 5078
569 94 850 147 ιιι-ιι-
1163 116 1239 191 ¹97

170 293 435 392 atrocibusque
470 284 680 389 spetiacuiis
715 284 885 390 voluptas
919 291 1080 390 capiatur
1088 316 1100 385 3
1148 316 1237 372 cum

169 411 340 485 vnrbrem
370 427 493 482 rerum
516 416 822 502 temporumque,
861 424 940 480 non
968 405 1080 502 ipsam
1105 410 1236 483 verita·

170 538 268 607 tem,
303 531 388 595 ante
411 515 542 594 oculos
564 512 719 617 pofitam
746 514 898 606 habeas,
937 527 1048 617 teque
1073 517 1189 617 ipsum
1215 544 1236 596 a

169 650 231 710 tot
254 630 381 720 malis,
418 652 513 731 quae
536 627 800 706 humanitatem
818 627 1031 728 obsepiunt,
1060 630 1234 708 inunum

170 748 407 845 liberumque
431 743 570 819 [endas.
628 739 815 833 Quaeres
841 740 960 820 multo
988 744 1103 840 magis
1126 745 1175 819 ita
1201 745 1237 821 se

169 860 287 939 habet
309 859 349 933 in
372 858 461 934 iuris
485 853 699 956 prudentia,
734 853 839 930 cuius
868 877 1000 954 magna
1024 879 1106 955 pars
1130 859 1235 933 iniis

170 976 285 1050 rebus
308 969 484 1060 versatur,
526 990 682 1069 quarum
703 965 807 1043 vsum
834 965 1113 1069 adspectumque
1138 974 1235 1070 opti-

172 1109 259 1164 mus
279 1087 437 1185 quisque
462 1081 601 1179 refugit
629 1093 666 1156 et
688 1079 879 1158 auersetur.
953 1076 1012 1158 Est
1044 1098 1165 1160 autem
1192 1085 1234 1172 is,

172 1201 281 1275 cuius
312 1195 534 1298 potiffimum
554 1189 671 1271 cauffo
692 1191 783 1271 haec
804 1191 932 1293 scripta
953 1194 1052 1284 sunt,
1082 1219 1129 1272 ex
1144 1192 1234 1273 Pru-

170 1312 327 1389 dentum
359 1309 489 1387 ordine
522 1309 576 1385 vir
590 1306 773 1396 summus,
821 1304 868 1384 de
896 1305 1089 1385 Academia
1114 1309 1234 1386 nostra

166 1422 460 1511 merentissimus,
575 1468 579 1474 -
712 1494 716 1504 ,

284 1612 360 1694 ro.
391 1605 758 1692 srnnnsnvs
783 1574 1046 1701 rinnon,
1075 1606 1128 1688 n.

173 1811 224 1890 ad
256 1831 369 1909 quem
392 1805 618 1907 magistratus
645 1803 843 1882 academici
869 1801 1021 1880 crastino
1051 1801 1111 1880 die
1133 1801 1237 1880 susci·

176 1924 307 2026 piendi
337 1921 459 1998 honos
486 1943 573 1996 eum
598 1917 800 2017 infignibus
818 1915 966 2016 publice
984 1915 1236 1993 transferetur:

173 2038 216 2116 id
238 2033 341 2136 quod
362 2032 427 2109 fiet
451 2053 590 2133 pompa
614 2028 772 2107 sollenni
794 2052 841 2107 ex
864 2048 968 2107 more
994 2033 1034 2105 in
1055 2030 1238 2128 templum

174 2150 429 2229 academicum
458 2143 633 2224 ducenda
692 2141 911 2242 Nositaque
928 2141 973 2220 ad
989 2138 1152 2220 officium
1167 2166 1238 2219 no-

174 2266 290 2342 strum
313 2262 494 2360 pertinere
518 2255 748 2358 putauimus,
783 2267 824 2332 vt
847 2255 972 2345 vobis,
1010 2251 1140 2344 Ciues,
1171 2277 1241 2355 pu·

176 2378 276 2454 blice
300 2375 390 2450 haec
411 2371 695 2457 declararemus,
725 2380 837 2467 utque
855 2366 1039 2445 uniuersos
1059 2391 1100 2444 ac
1118 2365 1240 2465 fingu-

178 2490 258 2573 los‚
296 2487 538 2585 inprimisque
570 2480 646 2572 Te,
685 2479 858 2581 Princeps
881 2477 1125 2566 Sereniffime,
1158 2503 1243 2556 vos·

181 2625 276 2703 que,
326 2597 490 2674 Comites
523 2592 768 2683 Illustriffimi,
817 2590 975 2669 Berones
1002 2615 1044 2670 ac
1070 2590 1241 2682 Nobiles,

180 2736 407 2811 omnesque,
455 2710 544 2785 loco
577 2728 763 2808 quemque
791 2704 876 2796 suo,
912 2705 1039 2806 stirpe,
1076 2706 1241 2804 ingenio,

183 2827 366 2913 doitrina,
405 2825 559 2910 virtute,
594 2817 829 2920 conspicuos,
861 2835 1011 2918 rogatos
1039 2814 1107 2895 effe
1132 2819 1245 2895 velle·

183 2964 287 3028 mus,
329 2961 377 3014 ne
409 2933 635 3013 sollennibus
654 2932 711 3008 his
736 2927 899 3009 intercise
920 2931 1143 3031 grauemini,
1162 2939 1167 2947 '
1183 2930 1246 3008 sed

185 3055 232 3130 ad
256 3050 437 3129 comitatis
463 3070 540 3125 non
562 3045 734 3122 modoet
756 3046 1009 3144 benignitatis,
1043 3067 1171 3122 verum
1199 3043 1246 3120 ad

186 3168 330 3267 pietatis
357 3184 509 3263 quoque
540 3173 577 3235 et
605 3160 741 3235 amoris
762 3155 882 3237 officia
905 3179 984 3237 eam
1009 3174 1086 3236 rem
1113 3156 1248 3235 referre

186 3279 287 3358 haud
310 3274 570 3376 dedignemini
629 3269 695 3348 PP.
715 3274 754 3348 in
770 3268 931 3372 Georgia
946 3271 1104 3373 Augusta
1122 3269 1158 3346 d.
1178 3265 1245 3346 VI.

187 3390 343 3491 Augusti
361 3386 678 3467 clolaccrxxxrv.
