2602 4814
187 547 267 621 334
574 501 860 565 “···’““·’”“

181 747 223 802 ea
253 740 374 797 rerum
405 703 562 795 'frodaim
594 710 680 791 eliet
706 711 874 789 habitura
908 713 958 791 ad
986 737 1117 817 genus
1144 715 1238 795 huma

181 860 284 913 num.
329 831 512 910 Turbauit
526 830 587 906 hic
605 831 826 928 opinionum
838 832 990 905 vanitas
1010 833 1143 930 plura,
1172 855 1239 933 quae

181 947 310 1055 paullo
332 946 498 1025 subtilius
522 944 731 1042 disiungere
754 939 1040 1023 acdiscernere
1056 948 1203 1024 iuuabit

296 1170 342 1252 Et
367 1175 489 1273 primo
514 1169 684 1272 quidem,
718 1171 863 1270 quoties
884 1169 1029 1248 saeculi
1055 1173 1240 1252 felicitatem

184 1312 232 1367 ex
254 1302 353 1366 tanta
374 1287 576 1363 litterarum
602 1283 686 1360 luce
702 1298 739 1358 et
753 1284 998 1381 ingeniorum
1021 1288 1172 1364 cultura
1185 1286 1242 1363 lub-

184 1417 304 1479 natam
331 1399 530 1500 praedicari
550 1398 778 1483 audiuimus.
811 1395 930 1471 fraudi
946 1397 1182 1501 plerumque
1196 1397 1242 1476 elle

182 1516 435 1594 intelleximus
459 1512 548 1612 ipsas
564 1515 686 1614 Jorruii
702 1508 770 1587 ‚vel
790 1512 904 1585 aetatis
925 1532 1069 1604 voces,
1114 1530 1192 1593 tum
1210 1517 1243 1589 ls

181 1634 285 1707 ciret
314 1626 458 1702 culturus
484 1627 711 1702 notationem
734 1646 871 1724 parum·
887 1621 1100 1704 definitam.
1162 1625 1243 1706 Dun

183 1743 283 1818 enim
312 1738 518 1827 saeculum,
559 1738 733 1836 grandius
756 1734 1001 1826 vocabulum,
1049 1742 1188 1818 buccas
1206 1744 1244 1816 in

182 1855 261 1936 ilat:
307 1854 417 1929 tacite
446 1851 607 1952 subrepit
637 1852 786 1950 opinio,
831 1863 870 1925 st
896 1846 958 1938 id,
993 1855 1111 1950 quod
1133 1856 1243 1931 indes

182 1970 288 2046 denis
318 1965 375 2044 sel
400 1967 537 2043 vicenis
560 1967 669 2041 anuisw
693 1967 731 2040 in
759 1961 900 2063 populo
923 1965 1078 2054 nostro,
1128 1986 1192 2046 aut
1219 1971 1244 2042 in

183 2099 285 2183 parte
321 2085 399 2158 eius
432 2080 573 2178 aliqua,
626 2075 666 2154 fit
692 2092 755 2154 aut
783 2075 914 2152 latium
951 2079 1147 2173 creditur,
1194 2104 1246 2181 pro

182 2198 372 2275 communi
381 2197 525 2293 generis
536 2193 686 2270 humani
696 2189 1126 2288 conditiooehabeatur;
1151 2216 1248 2295 porro

62 2308 64 2313 ’
182 2332 269 2387 cum
300 2331 415 2383 vnum
431 2369 434 2375 .
450 2323 487 2383 et
517 2305 672 2384 alterum
693 2327 810 2404 genus
835 2303 1043 2381 litterarum
1069 2309 1111 2383 in
1139 2311 1247 2407 aliqua

185 2423 274 2496 urbe
300 2434 362 2496 aut
389 2421 435 2494 ab
464 2421 606 2517 aliquot
627 2422 713 2494 viris
734 2417 872 2493 laudari
891 2440 933 2492 ac
951 2417 1188 2516 frequentari
1208 2423 1250 2497 ri·

181 2535 311 2612 derent
344 2530 403 2608 vel
433 2533 617 2621 audirent,
663 2531 766 2607 fuere
796 2552 843 2606 ex
868 2530 997 2606 nostris
1019 2530 1248 2624 hominibus.

182 2649 248 2748 qui
280 2645 394 2721 statim
426 2643 607 2722 summurn
635 2645 804 2721 omnium
828 2642 1030 2720 litterarum
1059 2648 1165 2726 inter
1189 2671 1248 2725 nos

180 2760 362 2841 honorem
395 2759 599 2857 prodidere.
675 2759 768 2836 Sunt
791 2756 923 2847 adeo,¹
953 2759 1038 2855 qui,
1078 2764 1247 2861 quodin

182 2875 325 2973 magnis
350 2874 501 2948 vrbibus
524 2875 618 2949 inter
639 2873 729 2948 certi
751 2870 890 2949 ordinis
916 2884 952 2948 et
976 2870 1054 2947 loci
1081 2874 1247 2955 homines

112 3064 114 3075 ,
178 2986 363 3066 interdum
383 3001 627 3063 memoratum
646 2984 779 3062 dillum
797 2983 854 3059 vel
871 2983 1003 3060 sallum
1020 3004 1248 3091 acceperant,
1282 3039 1283 3043 κ

180 3105 337 3182 urbanae
366 3112 404 3176 et
425 3101 571 3176 rusticae
594 3098 712 3198 plebis
730 3098 935 3175 conditioni
952 3104 1247 3192 accommodent,

180 3230 218 3293 et
245 3220 284 3292 irr
308 3237 349 3291 ea
373 3237 449 3289 rem
474 3214 604 3289 eodem
623 3211 737 3288 modo
751 3211 786 3288 se
803 3211 936 3288 habere
952 3225 1096 3310 putent
1138 3215 1247 3294 Nulla

179 3342 302 3407 tamen
340 3327 391 3403 est
418 3331 720 3404 commemoratio
765 3324 874 3401 vllius
917 3324 1056 3424 populi
1094 3329 1247 3422 barbari,

180 3446 285 3519 cuius
308 3463 432 3540 parem
456 3441 639 3540 stuporem
663 3462 738 3515 non
756 3441 921 3515 iuuenias
939 3441 1034 3513 inter
1053 3438 1170 3519 huius
1194 3467 1249 3521 or·

179 3550 276 3631 dinis
299 3555 467 3630 homines
491 3577 557 3654 per
583 3577 713 3631 omnes
733 3566 862 3628 terras:
901 3550 926 3627 li
954 3551 1069 3628 modo
1094 3558 1248 3655 propius

176 3667 375 3768 inspexeris
394 3689 449 3741 res
475 3668 614 3744 nostrae
636 3667 753 3766 plebis
777 3666 935 3741 rusticae.
992 3663 1165 3744 Tandem
1189 3669 1249 3744 alii

177 3804 256 3860 rem
281 3803 328 3856 ex
354 3779 586 3870 libellorum,
625 3783 690 3879 qui
710 3778 813 3879 prelo
837 3778 1088 3868 excuduntur,
1124 3781 1248 3859 insana
1300 3764 1301 3840 Ϊ

178 3894 417 3974 multitudine
441 3894 635 3971 aestimant
702 3891 804 3970 Adeo
830 3889 871 3968 fit
884 3891 1006 3994 saeculi
1022 3890 1246 3995 plerumque

177 4011 436 4111 praeconium,
480 4007 583 4106 quod
608 4005 843 4094 Germaniae,
873 4018 937 4081 aut
954 4004 1150 4084 nonnullis
1169 4012 1246 4085 eius

179 4126 302 4213 terris,
340 4112 403 4200 aut
426 4134 528 4197 certo
552 4121 747 4200 hominum
772 4118 913 4207 ordini,
960 4133 1023 4196 aut
1044 4124 1173 4218 paucis
1198 4144 1246 4201 ex

178 4238 242 4327 iis.
284 4252 348 4315 aut
370 4235 486 4326 nulli.
530 4232 694 4316 debetur.
765 4231 906 4313 Verum
932 4247 969 4309 et
991 4231 1086 4334 ipsae
1114 4234 1246 4314 laudes

1225 4374 1246 4427 a
