710 1331
88 235 120 255 ζιο
288 240 429 255 ’--..ι

91 286 163 305 inutilis
180 286 226 305 ciuis
245 285 299 311 culpa
315 291 336 305 ac
354 286 417 305 fraude
435 286 523 306 excidatis
540 286 623 307 vniuerfi.

91 313 143 334 Nam
154 320 178 333 ne
189 320 224 333 nos
232 313 294 333 officio
306 315 368 334 nostro
377 320 398 333 ae
406 314 449 334 fidei
457 314 515 334 deeffe
523 315 624 338 videamur.

93 346 112 362 et
118 344 223 362 curauimus
231 342 313 365 studiose,
328 346 347 362 et
355 342 438 368 religiose
446 344 556 363 curabimus.
577 344 625 363 Sunt

93 377 138 391 vero
151 372 215 393 etiam,
235 377 281 396 quae
291 371 371 391 studium
384 371 466 391 nostrum
478 372 576 392 incendere
584 372 625 397 pus-

91 400 135 420 smt:
154 399 211 425 Regis
223 399 296 425 Optimi
309 400 436 427 indulgentia,
448 399 536 420 Virorum
545 400 626 420 summo-

92 434 144 451 rum,
158 429 226 453 quibus
235 434 278 447 cura
286 428 356 447 nostrae
364 429 391 447 rei
399 428 512 451 academicae
521 429 585 448 tradita
593 430 624 452 est,

92 456 238 482 propenfiffimae
252 456 367 480 voluntatem
383 457 509 476 institutorum
521 457 625 477 nostrorum

92 485 149 504 tutela
161 489 180 504 et
192 484 278 509 inspeffio
290 484 365 508 affidua;
380 485 459 504 studium
470 486 563 505 ornandae
569 485 625 505 Bibli-

92 513 168 533 othecae
177 513 262 539 publioee
271 517 290 532 et
302 513 364 533 Musei
378 514 480 533 academici.
511 513 587 539 Experti
596 514 625 533 su-

92 548 134 569 mus
151 542 188 561 huc
203 547 280 567 quoque
291 547 340 561 anno
352 541 496 562 munificentiam
507 542 623 567 finguxarem,

88 571 183 595 ,cuiusque
199 569 261 589 similis
272 574 304 589 aut
314 576 347 595 par
359 571 457 589 memorari
470 571 507 590 hoc
520 571 540 590 in
556 577 624 596 genere

93 599 128 618 alia
138 600 169 618 vix
182 598 232 624 poffe
245 598 327 621 videtur,
341 598 383 618 Viri
390 598 466 618 Illustris
474 603 493 618 et
501 599 575 618 summo
581 605 625 619 cum

92 627 164 647 honore
177 633 221 647 cum
232 630 285 646 antea
299 627 401 650 nominati,
422 631 462 647 tum
471 633 521 647 nunc
530 633 605 653 quoque
614 634 624 647 a

91 656 147 679 nobis
162 655 281 678 nominandi,
303 661 319 675 ι.
332 661 348 675 a.
363 661 388 675 ne
401 662 459 679 asca,
476 656 509 681 qm·
527 656 623 679 sumtibus

91 690 127 709 pro
141 685 213 710 priuata
223 684 297 704 fortuna
309 684 349 703 satis
361 685 442 709 opiparis
452 687 471 704 et
484 684 559 709 amplis,
579 690 625 704 con-

92 713 141 738 quiri
154 718 176 733 ae
187 713 236 732 mitti
248 713 320 732 curauit
334 713 395 732 omnis
408 713 480 737 generis
499 719 527 732 res
539 719 586 732 raras
600 718 625 733 ex

91 741 131 761 Afia
140 744 159 760 et
167 740 242 766 Europa
250 740 397 766 septentrionali,
412 742 496 766 inprimis
504 747 552 766 quae
561 741 584 760 ad
592 747 624 760 na-

91 773 143 789 turae
159 775 204 795 opes
217 769 277 789 Musei
290 769 346 788 nostri
358 769 505 794 iomplerandas,
525 773 544 789 et
553 770 576 789 ad
590 776 624 789 nu.-

90 804 165 817 morum
179 798 279 820 rariorum,
298 798 366 822 quibus
376 801 407 817 aut
418 798 491 817 historia
499 798 583 817 illustrari
592 802 625 817 aut

91 832 194 852 regnorum
211 830 230 845 et
249 826 370 851 imperiorum
386 826 465 845 rationes
487 826 623 846 numismatiffle

91 855 179 876 declarari
192 854 267 879 possint,
287 854 380 879 augendas
390 855 452 880 copias
462 855 530 874 nostras
538 855 623 880 [ρεᾶεητ.

92 883 135 906 Qua
149 883 179 903 sua
191 883 299 902 liberalitate
312 883 338 903 vti
350 883 378 902 vir
389 883 545 908 praestantiffimus
552 889 624 903 merno-

91 912 137 931 riam
148 911 198 931 suam
206 912 226 930 in
234 912 268 931 hac
276 911 370 930 Musarum
378 911 419 930 sede
427 911 450 931 ad
458 915 566 936 perpetuam
574 918 624 932 earn-

91 945 128 965 que
147 943 217 965 gratam
234 939 380 959 recordationem
396 940 518 962 consecrauit,
539 941 563 959 ita
575 941 624 959 inter

90 975 135 991 nos,
154 968 199 988 dum
215 968 305 990 viuimus,
325 969 521 988 commemorationem
528 968 624 988 suihono-

90 997 159 1017 rificam
167 1001 186 1016 et
193 997 293 1016 iucundam
302 997 368 1016 merito
376 997 401 1016 est
408 997 509 1016 habiturus.

147 1053 230 1076 Videtis,
247 1053 400 1076 Commilitones,
418 1060 465 1079 quae
476 1054 536 1074 adhuc
548 1056 558 1073 i
568 1055 622 1075 nobis

76 1099 79 1102 .
90 1086 161 1102 narrata
172 1082 216 1105 fint,
233 1082 269 1101 ssue
282 1086 335 1107 grato
348 1082 418 1107 pioque
429 1083 534 1102 animorum
543 1083 594 1102 sensu
604 1087 623 1103 et

90 1112 203 1136 cogitatione
220 1110 345 1135 indulgentiae
362 1110 445 1133 diuinae,
463 1112 493 1130 cui
508 1111 588 1134 et2haec
604 1115 623 1131 et

89 1140 186 1160 innumera
196 1139 285 1158 debemus
295 1139 340 1161 aiia,
355 1140 423 1158 narrari
434 1145 473 1159 non
481 1139 565 1164 potuiss'e.
587 1139 623 1159 His

61 1168 63 1170 ’
89 1168 152 1196 itaque
174 1167 215 1193 ipsis
236 1167 350 1187 souennibus
381 1172 463 1193 quorum
480 1168 623 1188 indicendorum

565 1196 624 1216 causs'a
