710 1331
103 218 147 243 Δῑ46
301 220 442 231 —-—·

107 264 167 292 longo‘
177 266 209 286 vsu
218 263 309 286 firmatum
317 266 446 286 Romanorum
455 267 473 286 in
481 266 546 286 Socios
553 265 596 286 effer
607 267 644 287 im-'
653 258 655 261 Α

108 297 191 322 perium,
212 295 299 320 postulari
312 298 343 314 aut
357 295 447 320 expefiari
459 295 482 314 ab
497 295 520 314 iis
533 301 584 315 nunc
600 301 642 315 non

108 328 192 350 poterat,
210 327 231 343 vt
242 323 289 342 illud
304 327 379 348 repente
391 324 514 346 dimitterent,
532 324 602 349 iisque,
621 324 641 343 in

108 359 157 379 quos
175 352 208 372 sub
221 352 262 371 miti
277 352 374 371 Sociorum
391 356 410 371 et
426 351 548 371 Coloniarum
565 353 643 372 nomine

108 387 185 407 grauem
196 381 341 400 dominationem
353 381 473 403 exercebant,
492 381 521 400 ius
533 384 642 406 aequarent:

109 409 180 429 Contra
194 415 229 428 nec
240 409 304 428 Socios
316 409 379 434 iniqua
392 412 423 428 aut
435 409 494 428 facere
504 413 537 428 aut
543 413 605 434 petere
614 409 642 428 di-

109 444 169 461 ceres,
188 437 287 462 indignum
299 436 333 456 ell'e
346 441 406 460 ratos,
424 437 460 457 suis
468 438 536 457 viribus
548 441 566 457 et
574 438 642 463 opibus

108 467 208 492 imperium
219 466 322 488 sustentari,
334 466 386 485 cuius
394 465 427 491 ipsi
434 465 468 485 fint
476 469 570 491 expertes3
584 466 602 485 se
610 462 651 485 de->

109 495 192 515 lectibus.
204 494 303 519 stipendiis,
313 494 386 513 tributis
394 494 492 516 exhauriri,
502 498 522 514 vt
530 495 560 513 alii
568 494 642 519 praeda.

108 524 166 548 agris,
186 523 288 548 prouinciis
301 522 448 548 locupletentur3
468 527 524 548 vtque
538 523 594 542 totius
606 526 643 542 ter-

109 557 170 571 rarum
183 552 233 571 orbis
244 551 302 576 spolia
313 551 332 570 in
345 557 399 570 vnam
412 552 475 570 vrbem
485 551 532 570 luxu
542 555 560 570 et
568 551 643 570 avaritia

109 580 200 606 perditam
215 579 353 602 conuehantur,
379 580 396 599 se
410 580 504 602 fortunas,
528 580 642 604 sanguinem,

110 609 165 628 vitam
178 607 295 633 impendere.
314 608 424 633 coniugibus
430 608 530 633 liberisque
539 608 574 627 suis
584 608 643 627 macie

110 643 130 657 et
141 636 224 662 squalore
232 636 346 655 deformibus
354 636 422 656 interea
430 637 472 659 vix,
486 636 535 656 vnde
544 637 600 656 vitam
608 637 643 655 mi-

109 666 167 685 seram
177 665 283 687 sustentent,
298 664 390 689 sunerelse.
420 664 471 684 Inter
481 665 536 688 haee,
551 665 603 690 quod
612 666 644 684 vix

110 694 163 713 aliter
175 693 214 712 fieri
225 693 280 715 solet,
295 696 371 718 vtraque
379 699 420 718 pars
428 693 479 713 suum
489 697 561 713 tantum
568 694 596 713 ius
604 694 645 712 ani·

111 728 143 742 mo
155 722 241 744 voluere,
258 722 308 744 eius.
322 721 374 746 quod
383 723 402 741 in
410 722 465 741 altera
474 721 531 741 cauffa
540 722 607 741 iustum
615 723 644 741 in-

111 750 159 773 ell'et,
165 756 203 769 non
209 749 266 769 modo
271 750 370 769 immemor
374 749 413 773 esse,
418 751 546 772 verumetiam,
551 750 643 776 quicquid

111 785 135 798 ex
148 785 171 798 eo
180 779 220 798 iure
229 778 296 797 dissum
306 779 334 797 vel
343 778 409 798 factum
419 778 470 801 effet,
483 779 506 798 ad
514 779 599 798 iniuriam
607 782 644 798 tra-

110 808 164 830 here,
181 810 199 826 et
210 807 275 832 poenis
282 806 413 832 suppliciisque
421 807 499 832 dignum
511 807 530 826 id
539 807 641 827 vociferari.

112 836 170 860 de
182 836 243 860 itaque
257 836 311 854 etiam
322 836 420 855 moderatis
435 839 453 855 et
466 836 644 860 prudentibus>viris

111 865 130 884 in
143 868 192 883 tanta
201 864 245 883 iuris
254 864 373 888 ambiguitate
381 870 414 889 per
422 864 439 883 se
447 860 577 884 difficillimum
586 864 645 883 videri

113 893 177 915 debet,
196 892 236 911 iusti
248 895 267 911 et
278 892 339 911 iniusti
349 892 417 911 limites
430 893 449 911 in
463 893 525 912 medio
532 892 644 912 constituere

111 925 130 941 et
138 921 224 946 vti-inque
232 924 321 945 quantun-1
330 920 369 940 fieri
376 921 434 946 potest
443 922 482 940 iura
494 925 512 940 et
522 920 612 947 postulata
621 926 645 940 eo

111 950 199 974 dirigere,
219 955 262 968 cum
272 949 344 974 vtrique
352 949 420 969 caussae
429 950 498 974 aliquid
506 950 546 969 iusti
555 953 573 969 et
581 949 644 968 iniusti

107 978 167 1005 ‘inesse
177 978 302 997 arbitrandum
313 977 344 1001 fit3
356 978 374 997 id
383 978 402 997 in
411 979 465 997 tantis
473 979 577 998 animorum
585 978 617 997 iris
625 982 644 997 et

112 1006 160 1026 odiis
172 1006 232 1025 multo
244 1007 305 1025 minus
314 1005 352 1025 fieri
362 1007 423 1031 potuit
431 1006 506 1026 Romae,
535 1006 618 1032 Superbe
626 1009 645 1025 et

113 1034 245 1054 contumeliose
260 1034 365 1059 responsum
380 1035 447 1058 Sociis3
474 1036 498 1054 ita
511 1035 572 1055 multo
585 1035 643 1059 magis

112 1063 210 1088 exasperati
218 1063 260 1082 sunt
266 1063 321 1082 animi
330 1063 406 1082 iniuriae
415 1063 464 1083 sensu
472 1064 508 1083 iarn
515 1067 557 1083 ante
565 1063 645 1087 incensi5

112 1092 167 1111 altera
181 1097 204 1110 ex
215 1095 266 1116 parte
275 1097 316 1110 cum
324 1092 343 1110 in
351 1097 393 1114 eos,
404 1097 452 1117 quos
462 1096 580 1111 contemnere
588 1091 646 1111 affue-

114 1120 186 1142 viffent,
205 1119 285 1139 Romani
297 1125 332 1139 nec
344 1120 414 1139 confilii
423 1120 462 1140 satis
472 1126 507 1140 nec
516 1121 584 1140 virium
593 1120 645 1139 adhi-

113 1149 187 1169 berent:
209 1149 256 1167 intra
268 1149 325 1168 breue
338 1152 411 1174 tempus
416 1154 457 1174 ‘pro
469 1150 568 1169 contemtis
578 1153 596 1168 et
611 1148 644 1168 de-

581 1176 646 1203 speffis
