710 1331
256 221 398 236 ξ
553 222 594 242 ¹²5

186 266 470 300 Epimetrum.

59 308 123 343 Cum
137 323 161 343 ad
170 323 208 343 hoe
216 327 345 348 argumentum
356 323 379 343 ab
386 329 409 343 eo
418 323 462 343 inde
473 326 556 348 tempore
566 329 594 343 re-

60 351 101 372 dire
117 358 157 371 non
169 351 251 372 licuerit:
268 352 352 371 adiiciam
364 351 427 372 saltem
438 352 529 371 nonnulla
542 352 594 377 supet

60 381 93 428 iis,
116 386 164 406 quae
180 381 201 400 iu
215 381 301 400 extremis
312 380 392 400 verfibus
404 386 415 400 e
428 380 513 400 manibus
524 380 595 401 dimiss'a

68 412 108 428 unt.

118 464 193 484 Incuria
207 467 226 484 et
238 464 321 484 socordia
333 465 399 490 partim
411 465 432 484 in
444 464 563 490 prouidendis
576 467 595 483 et

60 493 150 513 cauendis
161 494 183 512 iis
192 492 256 515 rebus,
278 498 325 518 quae
336 498 396 512 aerem
404 499 522 518 corrumpere
528 492 594 515 solent.

61 522 130 547 partim
142 522 162 541 in
173 521 288 546 depellendis
303 521 349 540 aeris
364 521 447 547 caelique
458 522 538 543 iniuriis,
561 521 596 541 soli

32 549 34 562 ³
60 555 121 575 porro
135 553 154 569 et
166 555 255 575 aquatum
266 550 315 568 vitiis
326 549 424 571 tollendis,
441 553 461 569 vt
472 550 520 569 inter
530 555 595 569 omnes

61 578 146 604 populos
159 578 254 599 barbaros.
267 578 351 602 inprimis
363 584 429 603 magna
440 578 538 597 hominum
547 577 595 597 muli

60 606 143 626 titudine
157 607 177 625 in
188 607 245 625 vnum
256 606 320 625 locum
330 610 450 631 congregata,
464 607 489 625 ita
499 609 518 625 et
525 605 596 625 Romae

61 634 114 654 haud
126 634 182 654 dubie
194 635 253 654 febres
265 634 344 654 leuiores
357 635 376 654 in
389 635 479 660 malignas
485 634 596 660 plerumque

62 664 149 683 mutauit.
183 663 202 683 si
215 663 235 682 in
247 663 286 682 vllu
299 663 373 688 populo
388 663 453 689 politia
465 663 488 682 ad
497 663 595 686 summurn,

63 697 104 721 quo
115 697 136 711 a
148 691 214 711 adduci
222 691 292 717 potest,
307 693 411 716 peruenerit
418 692 518 717 fastigium:
529 692 596 717 proba-

63 720 103 740 bile
114 720 145 742 fit,
157 720 236 740 febrium
247 721 286 739 vim
296 720 394 745 malignam
404 720 479 740 obscura
488 720 514 739 sui
522 720 596 744 vestigia

64 748 99 768 esse
108 748 215 768 relid’uram.
234 747 262 767 Vt
272 749 291 767 in
302 749 402 768 nostratum
410 749 504 768 ciuitatum
513 748 597 770 fastis,ita

63 776 136 797 Romae
149 777 260 802 pestilentiae
269 777 339 796 mentio
347 777 410 796 crebra
418 783 450 802 per
458 777 541 802 antiquas
549 781 596 796 aeta-

63 809 93 825 tes
104 805 134 825 fit:
151 806 171 825 in
186 805 290 824 recentibus
299 805 355 824 rarior
364 806 449 824 occurrit.
478 805 501 824 In
511 808 561 824 tama
569 806 597 825 rei

63 834 148 854 mediae
164 834 282 859 ignoratione
297 833 343 852 nihil
359 833 406 853 redit
419 834 521 853 curabatur.
558 833 597 853 Vbi

64 868 144 888 corpora
151 862 219 881 morbo
228 861 285 881 ess'ent
291 864 369 884 tentata,
382 867 425 881 cum
434 862 457 881 ad
465 861 544 881 deorum
551 862 597 881 iram

65 891 111 910 mali
123 889 189 910 caussas
200 890 297 912 referrent.
315 896 324 909 a
333 890 456 915 superstitiofis
468 890 533 909 ritibus
545 890 598 909 auxi-

65 919 113 938 lium
124 922 195 944 petere:
208 918 278 938 sacrum
292 918 403 938 nouendiale
415 918 505 941 indicere,
522 918 597 938 clauum

64 953 155 973 pangere,
180 948 285 972 expiatione
303 947 409 966 lustratione
428 950 448 966 et
465 946 598 972 supplicatione

65 978 131 1001 pacem
146 980 165 995 et
175 976 247 995 veniam
257 975 335 995 deorum
345 979 437 1001 expetere.
467 975 531 999 Quid?
545 975 598 1001 quod

65 1005 114 1024 sacra
125 1010 189 1024 arcana
202 1008 297 1027 curarunt,
312 1004 380 1030 quibus
394 1004 431 1029 ipse
444 1003 515 1029 Iupiter
523 1004 598 1023 elicere-

65 1037 107 1055 zur,
131 1035 265 1058 cogereturque
278 1033 339 1055 fateri,
363 1033 431 1057 quibus
444 1033 509 1052 ritibus
520 1032 546 1051 ira
558 1033 598 1051 eius

65 1062 134 1087 placari
147 1060 213 1086 pulset3
230 1065 250 1080 vt
263 1067 272 1080 a
284 1061 342 1080 Tullo
354 1060 434 1080 Hostilio
444 1060 520 1080 iustum:
531 1060 571 1080 Liv.
582 1060 598 1083 1,

69 1096 78 1114 3
85 1096 100 1109 ι.
114 1089 161 1108 Casu
172 1090 238 1109 accidit
249 1093 269 1108 vt
285 1091 301 1109 is
311 1089 389 1109 fulmine
397 1089 442 1108 idus
449 1095 493 1108 cum
503 1089 560 1109 domo
567 1089 598 1109 sua

66 1118 197 1142 confingi-:iren
210 1123 252 1137 nam
258 1132 263 1138 .
272 1124 315 1137 eum
323 1121 361 1137 arte
369 1118 429 1143 aliqua
441 1121 510 1137 temere
518 1117 598 1137 adhibita

66 1147 130 1171 ignem
148 1146 243 1166 caelestem
255 1147 276 1165 in
288 1146 305 1166 se
314 1145 400 1166 deriuaffe
413 1146 484 1168 videri,
492 1149 598 1171 temporum

535 1175 599 1194 barba.
