2496 4936
60 835 160 936 ptimo
182 831 285 924 loco
312 831 694 919 commemorandum
718 834 789 914 elle
812 837 967 919 viderur.
1027 843 1135 930 Scili.

58 965 103 1032 tet
122 948 349 1048 magistratu
386 949 430 1023 in
466 970 608 1024 annum
643 949 920 1052 sesquialterum
958 959 1131 1057 prospere

57 1065 270 1142 continuato
286 1060 456 1139 decedet
477 1062 536 1152 is,
573 1063 679 1140 cuius
694 1088 842 1171 ‘nomen
864 1065 952 1146 huic
974 1074 1131 1171 paginae

12 1188 18 1251 ·,
55 1176 318 1278 pnelcriptum
337 1176 414 1265 est,
455 1188 493 1252 et
514 1176 777 1256 transferentur
802 1178 862 1256 die
892 1185 1046 1262 crastino
1072 1188 1131 1264 in.

53 1292 155 1390 lignia
168 1291 392 1383 academica
409 1311 497 1365 cum
517 1288 664 1367 honore
684 1290 816 1369 summi
832 1294 931 1372 inter
953 1320 1024 1376 nos
1052 1322 1130 1377 ma-

53 1406 211 1505 gistratus
233 1407 280 1481 in
301 1406 427 1480 virum
448 1402 589 1480 summe
611 1405 870 1497 reuerendum,

56 1595 59 1607 ·
116 1565 585 1651 GODOFREDVM
628 1566 788 1661 LESS,
825 1571 960 1650 Theol.
997 1570 1049 1651 D.

53 1738 236 1839 collegam
258 1733 617 1827 coniuntiilllmnm,
651 1737 850 1838 vestrique,
889 1737 1127 1820 Commilito-

53 1877 135 1942 nes,
164 1849 472 1941 amantissimum,
502 1873 617 1950 quem
632 1851 739 1927 vobis
756 1852 998 1952 amplioribus
1023 1878 1127 1932 com-

52 1966 228 2057 mendare
253 1965 377 2041 verbis
405 1963 432 2040 fi
458 1964 639 2041 vellemus
649 2021 665 2050 ,
701 1965 903 2043 verendum
928 1965 1032 2057 effet,
1077 1991 1127 2045 no

52 2081 175 2158 restris
199 2079 348 2156 iudiciis
368 2092 406 2155 et
430 2076 684 2155 voluntatibus
707 2074 872 2157 diffidere
898 2079 1126 2176 videremur;

53 2217 137 2272 cum
154 2195 229 2269 viri
255 2191 454 2291 grauiffimi
478 2190 590 2282 fides,
625 2195 759 2292 pietas,
797 2215 840 2270 ac
865 2192 1128 2274 beneuolentia

53 2310 161 2385 robis
179 2309 257 2383 iam
278 2305 361 2382 latis
384 2307 533 2404 cognita
550 2319 587 2382 et
601 2304 753 2405 spetlum
780 2305 842 2394 sit,
871 2330 957 2386 cum
977 2307 1062 2385 aliis
1084 2309 1127 2396 in

12 2512 18 2521 s
51 2424 184 2511 rebus,
213 2435 297 2497 tum
316 2419 545 2497 sermonibus
568 2419 699 2497 elacra
720 2418 892 2514 cathedra
906 2420 1038 2498 advos
1062 2420 1128 2499 ha·

51 2537 159 2625 bitis,
216 2535 351 2635 quibus
375 2556 539 2610 amorem
561 2547 599 2610 et
625 2531 795 2618 allectum
821 2537 935 2610 animi
958 2534 1012 2612 sui
1038 2546 1126 2633 erga

7 2679 30 2741 χ
53 2672 119 2727 ros
136 2663 218 2725 tam
241 2646 449 2724 luculenter
473 2644 689 2732 declarauit,
730 2662 872 2725 utnon
896 2648 1128 2746 magistratus
1151 2629 1156 2654 ⁸

54 2766 196 2862 magis,
224 2784 336 2874 quam
353 2763 513 2860 parentis
534 2759 640 2865 loco,
668 2760 815 2855 illuma
835 2762 941 2839 vobis
960 2765 1072 2839 amari
1088 2775 1127 2840 et

50 2876 341 2989 diligiaequum
356 2871 425 2950 elle
441 2876 670 2952 arbitremur.

168 3097 315 3180 Eorum
335 3102 467 3200 igitur,
504 3104 659 3200 quaein
682 3103 756 3178 vita
780 3103 977 3186 hominum
1003 3101 1126 3188 obser-u

54 3215 290 3305 uarisolent,
319 3215 389 3291 alia
404 3238 491 3291 cum
519 3217 614 3292 vitae
640 3215 925 3307 necessitatibus,
962 3240 1128 3317 cumque

52 3329 263 3432 praesidiis,
289 3329 435 3406 auxiliis
450 3343 487 3404 et
502 3332 645 3427 copiis,
674 3331 811 3429 quibus
842 3332 914 3406 vita
941 3329 1003 3407 seu
1031 3331 1126 3407 tole-

52 3461 156 3520 ratur
174 3442 238 3519 leu
255 3456 458 3531 recreatur,
477 3441 539 3519 seu
558 3442 699 3520 deliciis
716 3444 916 3541 frangitur,
935 3443 1018 3520 sunt
1036 3467 1127 3521 con·

54 3557 204 3650 iuntta3
234 3579 350 3657 eaque
373 3579 443 3655 pro
468 3556 560 3633 caeli
581 3555 723 3656 solique
753 3559 915 3647 ratione,
954 3574 1127 3643 ,naturae-

55 3695 133 3771 que
149 3670 246 3757 lacie
262 3685 302 3747 et
317 3672 469 3768 ingenio
484 3670 567 3753 sunt
586 3670 745 3764 diuerla3
773 3685 856 3747 tum
879 3694 988 3758 vero,
1013 3670 1128 3770 audit

54 3784 257 3878 lominum
276 3785 442 3861 coetibus
464 3786 791 3883 commerciisque,
819 3795 856 3858 et
872 3807 939 3885 per
953 3797 1047 3866 artes
1061 3800 1126 3863 ex·
1222 3779 1225 3783 ’

55 3900 167 3976 tultis
185 3897 363 3986 sensibus,
391 3896 650 3997 multomagis
677 3921 718 3974 ea
736 3889 881 3974 variant
899 3899 995 3974 inter
1024 3896 1060 3974 le
1084 3920 1128 3976 ac

7 4015 14 4034 '
55 4015 285 4112 discrepant,
323 4008 407 4112 ipsis
425 4011 546 4088 modis
560 4027 603 4109 et
623 4011 873 4087 instrumentis
896 4025 990 4086 artes
1023 4034 1127 4087 exer.

11 4173 14 4176 <
57 4127 198 4218 cendie
219 4127 309 4216 vtio
327 4124 435 4218 sitin,
456 4127 584 4221 vestitu
601 4123 781 4234 cultuque
801 4113 979 4231 corporis,
1009 4125 1047 4200 in
1062 4126 1126 4203 ha·

54 4243 238 4320 bitatione
267 4237 444 4340 paranda,
478 4242 517 4317 in
546 4237 787 4336 vtenlilibus,
829 4253 1024 4336 apparatu,
1069 4242 1126 4329 in,-

54 4358 273 4436 strumento·
331 4352 414 4432 Alia
439 4352 619 4432 advitam
646 4351 817 4430 socialem
844 4350 1035 4453 spectant,
1067 4376 1126 4428 ea·

638 4463 715 4561 A3
1050 4486 1126 4566 que

1200 4659 1241 4728 Δ
