710 1331
118 218 159 237 282

117 267 190 289 capae.
208 263 383 289 inflammabantque
395 263 437 283 odia
446 265 465 283 in
475 263 570 284 Romanbs
579 264 653 284 Aricini.

117 291 188 312 Romae
199 295 251 311 tanto
262 293 319 311 maius
331 292 426 311 discrimen
438 292 525 315 instabat,
540 293 591 317 quod
601 290 654 317 graui

116 320 194 340 foenore
206 320 287 345 oppreffa
303 321 355 345 plebs
368 326 435 339 nomen
446 321 521 339 militiae
531 321 574 340 dare
583 321 654 340 recusa-

115 349 152 368 bat.
185 348 252 368 Creato
267 352 329 367 (amen
346 348 432 368 diflatore
453 352 471 367 et
486 349 537 374 plebi
551 353 569 368 et
581 348 653 368 Latinis

114 381 175 396 metus
187 376 276 400 incuffus;
295 377 353 396 assum
364 376 388 395 de
400 377 488 400 inducit-³3
507 377 565 396 altero
578 377 607 396 vel
617 383 653 397 ter-

115 406 142 425 tio
159 411 208 424 anno
223 411 286 430 pugna
301 404 323 424 ad
337 405 397 424 lucum
411 404 505 429 Regillum
519 406 563 424 safla
575 405 654 425 Latino-

114 440 157 453 rum
172 433 228 458 fregit
243 434 319 453 animos.
352 432 411 457 Quod
424 434 474 452 enim
486 434 539 453 facile
547 435 652 459 praeuideri

113 466 196 487 poterat,
214 462 289 483 accidit.
309 465 328 481 vt
338 467 367 481 tes
381 463 400 481 in
413 467 513 482 commune
525 466 586 481 curata
595 468 605 482 a
616 462 652 482 fin-

113 491 162 516 gulis
171 489 214 509 erret
220 490 329 511 socorditer.
349 490 441 515 principes
450 490 524 514 quidem
534 490 651 513 Latinorum.

112 519 221 539 muneribus
232 522 250 538 et
261 518 425 543 pollicitationibus
435 518 533 543 Tarquinii
543 522 560 538 et
569 518 652 539 Mamilii

113 548 207 572 corrupti,
226 547 294 566 alacres
302 547 323 565 ad
333 546 401 566 bellum
410 548 466 569 irent,
480 547 516 571 ipsa
525 551 585 566 autem
596 547 650 572 plebs

112 575 156 595 effer
167 575 246 598 remilla,
261 579 359 599 agerentur
367 580 444 600 quoque
453 576 521 594 incer-n
530 576 553 594 de
563 576 607 595 belli
616 582 650 601 ge-

111 604 164 623 rendi
178 605 248 623 ratione
261 603 345 627 confilia;
362 607 425 622 contra
436 603 507 623 Romae
520 604 650 623 diffltoreioe.

111 637 153 651 rum
169 632 218 652 dido
234 632 256 651 ad
273 633 326 651 vnius
342 635 407 651 nutum
425 632 487 651 omnia
502 633 604 656 agebantur
619 633 649 652 in-

110 664 170 683 tente,
188 666 232 680 cum
243 660 330 682 consilio,
349 663 368 679 et
381 666 404 679 ex
416 660 475 679 edida
486 660 515 685 d).

166 701 221 721 Varia
232 701 285 723 inde.
304 701 353 720 aliud
365 707 388 720 ex
397 701 433 720 alio
443 701 509 724 satum,
525 701 647 722 finitimorum

109 730 225 756 populorum
244 735 287 749 cum
303 729 391 749 Romanis
406 729 462 749 bella:
490 736 553 749 verum
567 734 619 755 capta
636 736 647 750 a

109 758 168 778 Gallis
180 762 199 778 et
211 758 282 777 incensa
297 758 340 777 vrbe
353 758 379 779 (v.
388 763 403 777 c.
416 760 471 781 365.)
480 758 532 778 facile
541 758 646 783 expedares

108 786 197 806 finitimos
212 786 293 812 populos
309 787 329 805 in
344 792 444 805 commune
459 787 575 806 consulturos
587 787 646 812 idque

108 821 184 840 operam
198 815 273 835 daturos
285 813 328 837 effe,
353 818 373 833 vt
385 814 459 837 urbem,
480 821 490 834 a
504 820 541 840 qua
556 819 584 834 tot
596 815 645 835 mala

107 844 141 868 fibi
157 844 206 863 illam
221 844 351 865 meminerant,
376 843 418 868 ipsis
435 844 527 862 cineribus
541 843 644 868 oppress'am

106 872 234 897 sepultamque
242 871 295 891 nullu
304 871 361 891 modo
370 871 476 891 reuiuiscere
485 871 568 891 sinerent.
584 871 644 895 Quod

106 904 168 920 tamen
177 901 231 923 ,secus
245 900 321 923 accidit3
340 900 387 919 forte
395 900 484 925 quoniam
493 901 516 919 ab
524 900 589 919 iisdem
598 900 643 919 Gal-

107 929 130 948 lis
151 929 217 948 multas
240 934 353 953 magnasque
374 928 484 947 calamitates
500 929 571 953 experti
590 933 644 948 erant

105 957 147 979 alii,
169 957 200 976 alii
214 963 224 976 e
240 956 363 981 superioribus
377 956 469 979 cladibus,
490 962 535 981 quas
549 963 560 976 a
574 956 643 976 Roma-

105 986 134 1005 nis
148 988 265 1010 acceperant,
284 985 368 1004 nondum
382 985 428 1004 vires
442 989 557 1009 receperant;
578 985 642 1005 saltem

105 1014 179 1033 confilia
194 1013 217 1032 ab
232 1014 253 1032 iis
268 1017 300 1032 aut
314 1019 352 1032 non
363 1013 399 1032 ada
408 1013 450 1032 sunt
458 1017 489 1032 aut
497 1019 536 1032 non
547 1018 641 1037 maturata,

104 1042 137 1061 nisi
153 1042 280 1061 Romanorum
293 1042 358 1060 animis
373 1042 479 1066 viribusque
491 1041 561 1061 refeelis
574 1043 642 1062 iterum

105 1074 124 1090 et
139 1070 218 1090 firmatis.
252 1070 316 1089 Altero
334 1071 384 1089 enim
402 1075 451 1089 anno
465 1070 509 1089 hinc
524 1069 640 1093 Volscorum,

104 1099 149 1119 hinc
160 1099 241 1119 Etruriae
251 1099 366 1124 principum,
383 1098 407 1118 de
417 1099 467 1118 bello
475 1099 578 1118 coniuratio
586 1099 640 1147 ίέἑὶίξις

604 1133 614 1147 t
622 1134 640 1146 e.

136 1174 155 1195 d)
165 1174 229 1196 Dionys.
236 1173 268 1195 vl,
278 1178 294 1193 2·
303 1178 319 1195 4-
