2496 4936
461 610 745 664 Ξ
1086 618 1137 695 23

40 791 170 893 aliquo
195 789 319 891 signo
342 792 484 894 pofito,
514 793 560 871 ad
584 793 687 894 quod
712 794 803 870 ritus
827 808 947 873 certos
980 792 1135 894 faceret,

46 929 170 1006 neque
196 907 284 984 alio
298 911 460 985 nomine
481 922 545 985 aut
572 907 716 1007 lignum
744 920 807 983 aut
833 909 965 1009 religio
991 911 1136 1011 indige·

48 1022 126 1109 bat,
158 1043 288 1121 quam
306 1021 413 1120 quod
431 1024 511 1099 eius
532 1020 689 1098 familiae
704 1034 741 1097 et
757 1018 843 1098 esset
861 1038 898 1099 ct
922 1023 1130 1103 haberetur.

53 1133 226 1212 Mansere
262 1159 314 1211 ex
348 1135 424 1213 hoc
455 1159 591 1234 genere
624 1134 720 1211 sacra
748 1158 867 1235 pauca
898 1136 1130 1235 familiarum,

56 1272 148 1348 quae
182 1272 284 1348 opes
331 1265 369 1325 et
402 1251 605 1348 potentiam
638 1250 734 1324 inter
765 1248 850 1325 suos
885 1250 1133 1350 consequutae

59 1377 187 1454 erant,
221 1366 368 1463 quippe
395 1367 435 1439 in
463 1386 618 1463 quarum
647 1362 741 1439 sacra
766 1360 936 1440 transiisse
961 1364 1134 1443 videntur

60 1476 120 1552 alii
142 1476 209 1553 seu
226 1478 384 1553 clientes
400 1478 461 1554 seu
482 1477 680 1577 populares
701 1500 743 1552 ac
760 1479 871 1553 ciues.
940 1475 1132 1577 Superfuit

60 1603 183 1666 tamen
201 1613 251 1665 ex
268 1605 390 1665 vetere
407 1615 511 1667 more
530 1591 660 1689 religio
681 1586 831 1667 Larium
858 1614 900 1667 ac
923 1588 1131 1682 Penatium,

61 1704 182 1779 multo
193 1705 313 1802 magu
331 1704 562 1803 frequentata
576 1705 640 1780 illa
664 1707 702 1778 in
720 1701 823 1780 Italia
841 1728 951 1805 quam
967 1708 1003 1780 in
1016 1703 1131 1782 Grae-

61 1820 130 1909 cia3
165 1820 207 1892 in
233 1841 308 1918 qua
332 1818 573 1916 religionibus
601 1813 759 1918 publicis
786 1821 942 1894 omnino
968 1820 1131 1918 priuatae

63 1927 191 2007 ceffilse
219 1946 257 2006 et
279 1935 318 2007 in
348 1931 623 2009 desuetudinem
646 1928 767 2007 abiisse
795 1929 988 2026 videntur3
1028 1932 1128 2031 apud

62 2041 254 2121 Romanos
277 2069 365 2123 vero
384 2060 421 2122 et
437 2042 605 2123 Etruscos
632 2047 754 2121 minus
780 2043 991 2121 obscuratus
1014 2042 1131 2120 Pena-

62 2160 152 2234 tium
169 2182 214 2234 ac
233 2155 385 2235 Larium
404 2159 548 2248 honos,
578 2156 645 2235 nist
670 2158 735 2234 sub
761 2157 953 2236 Caesarum
979 2159 1131 2235 demum

62 2275 240 2370 tempora.
300 2272 372 2350 Sed
386 2275 424 2348 iu
446 2271 597 2350 Graecia
617 2287 756 2360 vetere,
797 2295 884 2348 cum
910 2274 1033 2370 magni
1060 2270 1131 2348 ho·

61 2389 206 2461 minum
228 2400 359 2463 coetus
380 2412 400 2463 e
424 2386 593 2486 pluribus
619 2385 766 2463 familiis
797 2385 1049 2474 confluerent,
1080 2385 1129 2462 dii

54 2504 181 2598 patrii,
210 2500 376 2597 stirpium
403 2503 543 2599 primo,
573 2515 654 2578 tum
679 2503 846 2576 vicorum
874 2523 915 2575 ac
938 2501 1129 2575 ciuitatum

60 2613 162 2703 faut,
192 2616 511 2714 nomirraquoque
527 2613 587 2691 sua
610 2626 848 2712 acceperunt,
886 2637 1046 2713 quorum
1075 2625 1128 2689 ta-

59 2752 146 2804 men
161 2729 239 2803 vim
265 2743 302 2803 et
327 2730 509 2826 originem
532 2729 753 2827 plerumque
779 2722 992 2802 obliterauit
1008 2724 1128 2803 ¹vetu-

59 2842 136 2917 stas.
199 2837 396 2919 Eminuere
414 2858 533 2918 autem
551 2845 646 2919 inter
670 2866 733 2917 eos
764 2840 1034 2917 nonnullorum
1058 2832 1127 2918 no·

58 2958 182 3043 mina,
213 2957 348 3054 quibus
363 2954 573 3032 adiunttum
591 2978 743 3054 quoque
760 2953 862 3053 saepe
888 2954 962 3030 loci
988 2977 1128 3031 nomen

60 3068 224 3145 declarat
240 3072 392 3167 patriam
408 3070 646 3166 religionem,
673 3082 712 3144 vt
739 3065 840 3144 louis
868 3064 1020 3165 Lycaei,
1064 3065 1126 3143 lu-

58 3185 173 3259 nonis
189 3179 368 3281 Argiuae,
410 3183 590 3281 Apollinis
614 3180 820 3282 Amyclaei,
855 3195 891 3255 et
915 3179 962 3256 src
994 3204 1123 3280 porro:

57 3311 95 3373 at
119 3300 159 3371 in
184 3295 267 3393 ipsis
296 3297 516 3395 religionum
536 3297 627 3374 locis
642 3297 805 3394 πατρῷοι
824 3291 953 3382 Ioues,
985 3293 1128 3392 Apolli-

56 3434 148 3497 nes,
180 3407 377 3495 Mercurii,
403 3411 620 3504 audiebant3
650 3425 689 3487 vt
709 3434 755 3485 err
772 3407 940 3484 Pausania
960 3408 1126 3506 inprimis

56 3525 104 3601 ad
122 3523 422 3621 cognoscendum
442 3526 479 3598 in
497 3542 645 3622 promtu
669 3524 727 3600 est.
786 3521 926 3599 Verum
943 3521 1032 3596 haec
1055 3523 1128 3596 iam

57 3639 136 3715 alio
159 3638 247 3714 loco
277 3639 491 3737 diligentius
523 3639 683 3735 expolita
712 3639 758 3732 d)
786 3636 994 3712 summatim
1026 3657 1128 3710 nunc

54 3744 358 3830 memorauimu's.
440 3751 635 3850 Artigimus
670 3752 763 3828 illud
798 3773 969 3850 quoque,
1024 3746 1129 3846 quod

54 3893 144 3947 curn
172 3867 408 3942 barbarorum
425 3865 651 3965 populorum
667 3866 857 3942 communi
876 3887 979 3939 more
1000 3884 1041 3937 ac
1055 3863 1129 3937 ritu
1200 3891 1203 3897 ¹

54 3982 259 4067 conuenit,
297 3981 399 4078 quod
426 3981 532 4056 certis
558 3979 649 4056 locis
677 3978 779 4056 suum
808 3977 1029 4075 afflgnaruut
1061 3996 1129 4050 nu-

54 4119 148 4173 men
180 4114 321 4169 veteres
357 4091 511 4183 Graeci,
560 4094 727 4193 inprimis
753 4095 963 4179 montibus,
1015 4088 1127 4176 siluis,

620 4203 648 4284 Β
675 4233 701 4304 4
1008 4201 1130 4280 flumi-

119 4363 167 4446 d)
188 4361 226 4427 de
252 4363 379 4446 Origine
392 4374 421 4428 et
440 4355 559 4450 Carrffis
568 4364 753 4446 fabularum
774 4363 1004 4428 Homerirnrum
1018 4366 1050 4428 iu
1065 4359 1133 4425 No·

173 4450 221 4513 vis
236 4448 445 4514 Commentar.
462 4449 532 4514 Soc.
551 4451 590 4515 G.
611 4451 682 4518 Vol.
695 4450 775 4515 vlrl.
794 4470 824 4532 p.
835 4467 886 4528 37.
