2496 4936
143 811 206 891 Vt
225 837 253 891 a
269 811 504 905 nouissimo,
535 817 1048 916 quod-commemorauimus,
1076 848 1141 923 ge.

57 953 126 1008 nere
148 931 320 1006 initium
345 929 549 1018 faciamus,
586 933 759 1008 omnibus
790 934 950 1011 barbaris
973 939 1138 1036 populis,

57 1048 109 1144 qui
123 1067 231 1133 non,
255 1042 423 1120 siluestri
440 1067 483 1119 ac
502 1042 663 1120 belluina
677 1049 752 1122 vita
769 1046 930 1137 efferati,
958 1051 1003 1125 ab
1022 1055 1139 1141 omni,

12 1203 16 1213 ·
58 1173 188 1260 praeter
207 1181 338 1258 quam
355 1156 465 1232 famis
484 1170 521 1232 et
538 1171 740 1236 ceterarum
756 1163 853 1236 vitae
877 1159 1138 1256 neceffitatum‚

61 1275 290 1372 cogitatione
310 1285 466 1360 vacant,
503 1293 701 1348 commune
727 1273 798 1362 est,
837 1288 878 1349 rt
900 1288 1045 1351 naturas
1068 1277 1139 1354 hu-

62 1410 158 1464 nana
175 1387 348 1462 maiores
373 1397 499 1461 mente
516 1398 553 1461 et
569 1387 695 1462 animo
716 1387 930 1487 concipiant
943 1381 1005 1488 a).
1064 1387 1140 1465 Ve-

64 1525 139 1577 ram
157 1503 229 1600 qui
249 1498 299 1576 ad
327 1499 425 1575 hanc
447 1500 712 1598 cogitationem
743 1524 806 1577 eos
837 1513 988 1578 naturae
1013 1526 1138 1581 rerum

64 1613 387 1714 contemplatione
409 1626 474 1688 aut
494 1611 617 1712 aliqua
639 1610 839 1690 caussarum
872 1629 910 1690 et
941 1614 1139 1694 effetsuum

65 1730 303 1829 reputatione
318 1725 454 1802 adduci
469 1740 618 1825 putant,
649 1731 797 1825 egregie
814 1727 891 1803 salli
909 1727 1048 1806 necesse
1066 1730 1137 1822 est;

65 1845 173 1918 nimis
197 1845 304 1917 enim
323 1839 457 1917 subtile
474 1839 548 1916 hoe
566 1864 640 1940 pro
666 1842 819 1918 istorum
845 1839 1041 1919 hominum
1066 1845 1150 1919 stu··

67 1979 178 2056 pore3
208 1954 291 2043 sed,
324 1955 471 2054 quoties
488 1952 789 2054 aliquideuenit,
832 1956 934 2054 quod
959 1970 1149 2033 terrorem·

67 2093 107 2146 ac
128 2083 276 2145 metum
297 2069 437 2156 inlicit,
466 2079 529 2143 aut
545 2069 779 2144 mirationem
796 2081 944 2156 mouet,
972 2063 1040 2169 (in
1065 2070 1140 2145 vita

69 2196 192 2259 autem
207 2181 274 2257 illa
290 2181 463 2259 omnium
478 2204 601 2257 rerum
616 2182 699 2258 rudi
715 2197 753 2258 et
776 2184 902 2282 ignara
921 2182 1038 2258 multa
1061 2184 1146 2258 ani-¹

67 2321 149 2374 mos
168 2310 363 2396 percutere
390 2307 428 2371 et
450 2293 569 2371 sensus
592 2296 834 2395 perstringere
858 2295 984 2385 aliter,
1026 2319 1138 2395 quam

7 2477 18 2487 „
68 2415 107 2487 in
127 2412 349 2486 hominibus
368 2409 414 2485 ad
437 2408 673 2485 humanitatis
696 2410 840 2487 cultum
861 2411 1032 2486 institutis
1059 2408 1137 2488 sieri

67 2526 183 2613 silet,
211 2523 458 2623 reputandum
473 2516 569 2624 est‚)
586 2522 661 2600 hoc
686 2524 742 2599 illi
767 2523 983 2624 suspiciunt,
1026 2547 1138 2600 vene·

69 2653 221 2727 rantur,
248 2637 411 2714 adorant.
471 2635 600 2736 ltaque
617 2640 782 2714 animans
804 2637 970 2714 insolitae
993 2639 1139 2736 magni·

68 2753 234 2842 tudinis,
279 2765 342 2827 aut
371 2750 528 2827 sollertia
555 2753 696 2849 ingenii
732 2765 795 2829 aut
818 2775 1042 2852 quacunque
1067 2751 1138 2826 alia

67 2883 145 2944 arte
163 2865 349 2955 notabile,
374 2865 541 2964 inprimis
562 2865 765 2962 serpentes,
800 2890 962 2966 quorum
981 2878 1038 2942 tot
1055 2867 1140 2942 sunt

67 3003 227 3081 genera,
255 2977 359 3057 aliud
377 2978 444 3054 alia
462 2979 507 3055 de
524 2977 660 3067 caussa,
686 2980 883 3068 mirabilia,
922 2995 1003 3056 tum
1029 2981 1140 3055 arbo-

67 3100 118 3172 ris
134 3094 274 3194 species
293 3093 414 3168 adhuc
430 3116 506 3169 non
532 3093 645 3181 visae,
681 3117 807 3192 porro¹
822 3110 897 3170 arte
923 3108 960 3171 et
983 3094 1136 3192 ingenio

65 3210 236 3287 humano
255 3203 412 3283 cilitium
427 3205 586 3305 aliquid,
618 3205 680 3281 etsr
698 3231 810 3283 manu
837 3208 883 3283 ad
904 3207 1044 3284 sensum
1069 3229 1137 3282 no·

66 3326 184 3400 strum
204 3322 308 3409 rudi,
338 3320 428 3397 haec
445 3334 481 3395 et
500 3318 626 3397 similia
650 3323 793 3398 animos
823 3322 1062 3396 barbarorum
1083 3317 1137 3403 ad

65 3434 233 3513 laetandi
258 3449 295 3511 et
316 3434 519 3510 exsultandi
548 3435 721 3510 insaniam
750 3434 915 3534 adspersu
931 3434 1058 3509 efferre
1080 3432 1137 3508 so·

65 3550 161 3627 lent
233 3547 311 3625 Iam
343 3572 430 3624 cum
461 3545 652 3646 politiores
685 3548 816 3648 populi
844 3547 945 3625 hunc
981 3549 1135 3646 gestum,

64 3665 171 3742 hunc
196 3661 365 3738 affetlum
387 3661 614 3752 saltantium,
641 3665 945 3761 prosternentium
964 3662 1020 3750 se,
1050 3661 1139 3737 ado·

61 3781 250 3867 santium,
275 3775 320 3851 ad
342 3776 541 3874 religiones
569 3777 644 3853 sere
670 3776 845 3852 reserant:
893 3775 1058 3852 sollenne
1088 3774 1138 3850 eo

632 3886 720 3987 A4
963 3888 1138 3966 omnibus

123 4052 173 4134 a)
198 4047 268 4111 Non
286 4047 478 4130 attingemus
496 4067 552 4120 ea,
574 4047 703 4131 quaein
720 4046 769 4110 sna
787 4046 947 4112 Amerieae
962 4045 1085 4110 historia
1102 4044 1141 4107 li·

186 4136 242 4196 bro
260 4130 315 4199 lV.
330 4133 370 4192 de
385 4131 588 4209 religionibus
604 4131 755 4213 sapienter
763 4131 905 4215 exposuit
919 4133 1139 4202 Baburianae,

184 4215 226 4282 V.
244 4216 289 4280 Cl.
312 4214 415 4276 multo
439 4216 542 4278 minua
571 4215 603 4277 in
630 4213 808 4279 refellendis
828 4215 884 4286 iia.
917 4235 994 4296 qrrae
1017 4215 1054 4275 ab
1069 4211 1139 4271 aliia

182 4319 290 4381 perum
314 4297 467 4362 subtiliter
489 4297 639 4380 disputate
665 4298 754 4370 sunt.
786 4298 984 4361 morabimur.
1029 4297 1078 4358 Ab
1099 4293 1140 4353 iio

181 4397 304 4456 tamen,
326 4382 358 4443 in
377 4381 487 4462 quibos
506 4381 715 4444 Roberrsonus
731 4381 879 4452 substitit,
909 4382 945 4443 ad
974 4376 1142 4440 remotiora

184 4478 217 4532 et
230 4467 342 4531 altiora
362 4468 529 4548 procedere
549 4476 581 4530 et
597 4463 750 4548 assurgere
765 4485 848 4530 nune
871 4460 1061 4550 propofirum
1086 4453 1141 4518 eil·
