2580 5086
471 107 755 169 a
1062 111 1158 224 Μ’

45 301 163 387 §loca
189 306 478 400 perrumperent.
535 289 637 371 Inter
656 291 747 372 haec
770 296 931 380 medium
948 311 1074 382 tenere
1088 306 1143 384 vi.

78 415 160 493 deri
183 414 320 490 debent
350 412 396 500 ii,
443 409 509 510 qui
538 406 825 508 potentiffinrum
860 412 906 489 ad
934 414 1140 498 subeundae

27 540 46 614 -;
76 525 388 627 exantlandasque
421 521 607 600 doetrinae
630 523 849 624 virtutisque
874 529 1054 625 parandae
1080 556 1139 609 ae.

0 687 6 714 r
75 664 226 719 rumnas
253 641 530 717 incitamentum
552 633 622 714 elie
644 649 819 736 putarunt
840 644 998 737 praemia
1015 643 1138 730 hono,

11 794 46 854 ,r
73 757 125 832 ris
153 767 189 831 et
212 753 329 832 laudis
352 748 545 853 propolita.
604 748 701 826 Cum
722 752 820 828 enim
846 751 920 829 fine
944 753 1070 834 labore
1092 782 1136 843 ac

14 904 42 955 ῃ
73 867 240 946 molestia
270 865 373 944 nulla
407 885 477 941 nec
501 866 666 964 corporis
690 887 761 942 nec
790 866 902 943 animi
924 867 1136 966 perficiendi

74 985 169 1060 ratio
199 979 401 1079 excogitari
428 973 553 1077 pollet,
603 976 771 1078 adeoque
792 977 840 1056 ad
863 982 955 1057 vires
980 983 1136 1083 amplifi.

48 1155 49 1158 a
74 1094 207 1173 caudas
234 1094 296 1172 seu
320 1089 580 1178 intendendae,
614 1090 793 1190 quicquid
816 1091 942 1169 auxilii
964 1096 1133 1194 polliceri

0 1261 2 1263 ψ
71 1205 283 1310 poffumus,
320 1203 554 1287 referendum
571 1201 633 1281 lit:
672 1199 758 1282 cum'
773 1202 844 1304 ipsa
859 1229 981 1284 rerum
1001 1222 1038 1286 et
1053 1212 1133 1286 ani-

1 1342 47 1394 ἢ
71 1345 222 1400 morum
253 1334 381 1398 natura
411 1316 506 1394 nihil
538 1319 653 1416 magis
678 1316 962 1397 consentancum
985 1320 1054 1399 elle
1077 1326 1132 1400 vi.

16 1466 38 1522 3
73 1436 201 1524 detur,
237 1454 348 1532 quarn
371 1443 412 1507 vt
437 1430 529 1507 boni
552 1430 705 1507 alicuius
727 1429 855 1508 frudu'
873 1455 920 1509 ex
941 1437 1128 1533 proximo,

15 1577 36 1615 ι
70 1562 272 1648 antequam
306 1544 418 1645 ipsam
444 1566 565 1621 arcem
595 1547 891 1645 expugnaueris3
937 1546 1129 1648 proposrto

19 1692 32 1732 t
68 1657 288 1740 incendatur
318 1656 495 1748 studium,
544 1679 622 1757 quo
644 1657 751 1735 altius
777 1658 932 1735 enitaris.
997 1658 1128 1744 Multo

67 1789 194 1853 autem
214 1774 329 1872 magia
350 1771 423 1849 boc
446 1772 683 1856 incitamento
706 1771 871 1872 indigere
883 1768 995 1849 uideri
1016 1775 1130 1854 debe.

1 1968 3 1973 ,
67 1911 155 1966 mus
175 1887 245 1965 hac
269 1889 359 1976 vita,
395 1884 470 1963 hoc
487 1883 650 1975 saeculo,
686 1881 756 1962 bac
771 1887 896 1961 aetatis
911 1900 1032 1985 parte,
1052 1912 1127 1989 qua

63 2002 215 2079 luxurie
240 2012 417 2101 tanquam
440 1999 536 2099 pelle
558 2000 682 2080 omnia
704 1996 846 2082 afflante
873 1999 1034 2079 emollita
1068 2005 1126 2079 in.

64 2113 360 2221 genialaborem
388 2134 431 2189 ac
453 2111 655 2190 molestiam
680 2110 877 2211 refugiunt
937 2111 1029 2208 Quo
1046 2139 1123 2194 ma·

62 2231 123 2330 gis
144 2226 359 2306 celebranda
383 2225 433 2307 est
455 2224 703 2302 munificentia
727 2222 840 2325 Regis
853 2226 975 2303 nostri
996 2228 1125 2328 Augu·

62 2339 228 2432 stiffimi,
284 2343 350 2441 qui
388 2351 583 2440 antequam
623 2340 686 2417 ilia
721 2338 878 2416 mollitie
908 2354 946 2416 et
972 2340 1122 2422 luxuria

63 2456 241 2553 contagio
277 2453 484 2530 nostrorum
512 2448 661 2529 Ciuium
683 2453 830 2550 ingenia
855 2471 1122 2554 corrumperem

62 2567 219 2645 intuitos
245 2565 366 2643 adbuc
394 2567 536 2641 animos
560 2567 726 2664 praemiis
750 2561 943 2666 propositis
963 2564 1118 2659 firmare,

61 2680 109 2758 ad
135 2680 337 2758 feliciorem
363 2693 402 2756 et
432 2680 664 2755 intentiorem
693 2678 837 2756 cursum
862 2678 1056 2756 incendere
1083 2696 1121 2760 et

9 2854 16 2859 -
61 2794 108 2887 ad
133 2806 236 2872 tanto
263 2795 401 2872 maiora
428 2792 593 2870 audenda
624 2791 847 2870 inflammare
873 2792 1011 2887 voluit;
1047 2791 1120 2873 Etli

1 2968 2 2971 a
61 2908 254 2987 confilium
286 2931 328 2986 ea
361 2908 402 2984 in
431 2930 471 2983 re
502 2904 728 3008 propositum
760 2904 828 2984 elie
861 2905 990 2982 debuit
1019 2905 1119 2988 haud

1 3065 3 3070 ,
60 3044 194 3127 unum:
242 3044 327 3098 nam
353 3033 390 3098 et
415 3023 503 3122 reip.
530 3019 688 3098 multum
710 3020 875 3108 interest,
911 3033 950 3095 vt
974 3042 1115 3112 eorum,

62 3138 130 3237 qui
160 3139 199 3212 iu
226 3135 350 3212 studiis
379 3134 581 3213 litterarum
611 3133 813 3225 excellant,
857 3132 919 3211 vbi
950 3146 1118 3234 tempora

59 3248 268 3350 postulent,
302 3249 433 3325 notitia
454 3248 628 3326 habeatur
651 3248 765 3326 facilis
790 3260 828 3324 et
849 3247 1036 3348 expedita3
1065 3251 1117 3327 ita

61 3365 161 3441 enim
192 3364 257 3464 qui
290 3362 335 3439 ad
367 3385 483 3461 genus
512 3362 689 3463 quodque
719 3384 841 3439 rerum
874 3385 1115 3443 accuratum

59 3479 220 3554 maxime
245 3475 370 3554 idonei
390 3475 477 3564 lint,
509 3499 588 3553 non
606 3477 669 3553 diu
691 3475 889 3575 quaerendi
916 3473 1015 3564 sunt,
1045 3498 1116 3555 nec

58 3590 235 3670 iudicium
253 3589 299 3667 de
313 3593 356 3667 iis
374 3590 423 3668 est
440 3589 760 3689 praecipitandum.
817 3587 875 3667 Ad
893 3612 958 3666 vos
977 3601 1112 3680 autem,

60 3700 362 3794 Commilitones,
407 3704 498 3806 quid
520 3703 667 3781 tandem
695 3703 816 3781 vestris
839 3701 999 3803 ipsorum
1016 3705 1112 3779 votis

56 3819 306 3919 expetendum
323 3818 436 3896 videri
448 3820 576 3920 potuit
591 3820 718 3908 maius,
742 3839 853 3915 quarn
874 3815 997 3916 quod,
1025 3836 1114 3901 cum

118 3949 348 4037 Heynii‘Opusc.
362 3951 447 4020 arad.
465 3949 614 4020 Velm.
724 3928 788 4007 Aa
981 4019 986 4031 .
1037 3929 1111 4007 iam
