2586 5078
163 112 239 199 ¹78
546 112 828 172 ΕΞ...-

244 295 352 390 Quae
376 316 460 376 cum
486 295 535 372 ita
558 292 646 386 lint,
687 308 830 374 tantum
847 321 925 376 non
943 323 1035 379 vana
1055 301 1219 382 habenda

159 407 229 490 else
255 411 398 488 videtur
422 409 641 511 praedicatio
662 409 821 488 foederis
837 412 1008 509 Achaici3
1039 421 1140 517 quod
1158 419 1216 494 sal·

160 525 393 604 tem-habuit
423 547 661 601 communem
695 525 880 602 fortunam
918 542 1119 608 ceterarum
1146 534 1212 607 sor·

160 664 322 729 marum,
361 640 404 715 ad
434 661 524 736 quas
549 635 700 712 describi
716 634 918 736 possuntac
934 639 1052 718 solent
1072 643 1225 744 populis*
1279 660 1283 707 ὲ

162 746 201 832 in
227 773 499 852 quamcumque
515 750 660 826 tandem
679 748 883 828 societatem
901 776 942 832 ac
957 760 1207 856 rempublicam
1272 766 1277 812 ἰ

162 880 295 944 coeant
327 866 512 952 homines,
563 864 731 939 omnium
767 865 967 942 formarum
1001 883 1038 946 et
1064 872 1156 947 bona
1177 881 1210 943 rt
1261 906 1288 943 a

164 979 259 1058 nrala
291 979 391 1073 sunt3
428 977 497 1053 alia
514 998 560 1053 ex
577 975 650 1075 ipsa
667 1000 789 1054 rerum
805 994 931 1057 natura
949 983 1128 1081 profetia,
1151 983 1208 1058 alia

164 1117 186 1170 a
211 1089 333 1168 caussis
363 1091 541 1179 externis,
581 1091 736 1188 quaein
762 1091 899 1170 nullius
925 1095 1090 1172 mortalis
1112 1108 1212 1174 manu
1283 1118 1289 1200 ,j

166 1206 301 1307 politae
318 1202 418 1293 sunt,
444 1203 543 1278 iliata
568 1215 630 1278 aut
652 1203 817 1281 arcessita.
890 1204 1066 1286 Poterant
1090 1201 1216 1288 Achaei
1281 1216 1289 1231 ·

168 1320 322 1395 feliciter
341 1341 398 1393 res
423 1316 500 1392 suas
526 1338 669 1414 gerere,
702 1316 726 1392 li
746 1341 835 1417 pace
850 1339 1026 1420 perpetua
1045 1337 1083 1400 et
1098 1322 1217 1401 securi·
1267 1394 1269 1402 r

167 1447 241 1508 tate
263 1432 309 1510 ab
326 1445 479 1506 externo
496 1428 597 1505 holle
615 1428 715 1519 srui,.
749 1429 853 1531 sique=
883 1433 1006 1513 nullos
1032 1435 1214 1537 Spartanos
1270 1430 1289 1495 s

142 1544 303 1623 llinibus
325 1546 558 1619 imminentes
574 1540 708 1619 habere
726 1544 940 1644 contigisset.

280 1707 358 1785 Vix
380 1733 444 1809 per
465 1707 519 1793 id,
566 1706 668 1807 quod
689 1722 752 1783 aut
771 1708 1056 1808 huic-scriptioni
1073 1711 1217 1815 superest

171 1823 285 1924 spatii,
310 1839 372 1898 aut
387 1823 554 1899 scribenti
567 1824 644 1909 otii,
675 1820 755 1897 satis
772 1821 891 1897 diserti
911 1821 977 1900 ess'e
991 1825 1176 1923 possumus
1189 1831 1222 1903 iu

172 1935 503 2012 commemorandis
521 1935 599 2010 aliis
613 1935 758 2032 rebusp.
777 1934 990 2031 foederatis;
1009 1961 1164 2038 quarum
1180 1959 1225 2018 ta-

173 2073 260 2125 men
279 2047 390 2134 nulla,
403 2046 673 2150 nisr'Lyriorum,
690 2046 823 2132 (Strab.
841 2045 947 2125 XIV.
960 2074 994 2149 p.
1010 2061 1122 2145 980.)
1135 2057 1230 2134 iulii.

172 2164 260 2273 tutis
270 2161 459 2259 etlegibus
474 2181 559 2235 cum
575 2182 648 2258 rep.
659 2159 891 2237 Achaeorum
900 2163 1230 2266 suitcomparandn.

192 2329 199 2395 ἶ
259 2332 373 2411 Aetoli
383 2333 533 2434 quidem
550 2334 593 2410 ad
607 2334 838 2411 Achaeorum
849 2335 1061 2434 exemplum
1073 2361 1234 2439 rerunrp.

175 2447 484 2526 consociationem
508 2462 545 2523 et
567 2446 630 2546 ipsr
649 2447 892 2523 instituerant:
928 2465 1156 2526 conuentum
1173 2477 1245 2529 arr..

175 2582 311 2651 nuum,
339 2559 589 2638 Panaetolium
608 2560 762 2648 dilium,
793 2561 1037 2659 magistratum
1055 2586 1245 2652 annuum..

178 2675 342 2751 additum
367 2676 400 2750 ei
425 2674 616 2762 Senatum,
649 2673 836 2772 apocletos
856 2674 1080 2773 apellabant,
1107 2682 1235 2757 omnia

175 2790 309 2864 eodem
332 2786 523 2887 exenrplo;
553 2788 743 2863 enimuero
760 2788 890 2863 animis
915 2791 1147 2889 ingeniisque
1166 2792 1233 2891 ipsi

174 2900 280 2977 valde
305 2899 435 2977 diuersi
457 2903 502 2976 ab
527 2899 700 2992 Achaeis;
734 2922 801 2999 per
826 2923 932 2998 agros
954 2925 997 2978 ac
1012 2902 1242 3003 uicossparli
1284 2989 1285 2994 a

107 3081 109 3089 r
174 3037 221 3090 ex
238 3014 363 3089 alienis
380 3016 488 3112 raptis
505 3017 626 3089 viuere
641 3012 825 3088 malebant
840 3036 951 3112 quam
967 3037 1013 3090 ex
1028 3016 1122 3115 agris
1137 3009 1238 3115 suisa
1285 3045 1287 3110 r

173 3128 298 3225 itaque
314 3127 495 3226 praedari,
530 3125 624 3201 bella
649 3141 685 3203 et
702 3125 924 3202 incursiones
940 3129 1229 3228 circumspicere,
1286 3167 1287 3247 p

171 3238 325 3340 (Polyb.
346 3237 412 3328 IV,
435 3246 488 3332 3.)
512 3262 559 3315 ex
576 3239 691 3316 aliena
708 3240 838 3315 iniuria
855 3238 1022 3319 crescere.
1044 3240 1120 3340 (ll,
1137 3241 1230 3348 43.)
1286 3343 1287 3349 Ν

170 3350 262 3430 Inde
299 3356 533 3450 ingeniorum
564 3353 718 3439 ferocia,
773 3351 1010 3429 consiliorum
1038 3355 1227 3451 violentia,

169 3490 254 3541 cunr
286 3471 376 3542 mira
402 3465 584 3542 interdurn
610 3467 750 3554 aslutia,
789 3466 914 3542 nullus
935 3467 1086 3546 iustitiae
1107 3472 1226 3570 respe.

168 3578 254 3655 slus.
327 3577 414 3654 Vim
440 3581 568 3655 animis
594 3580 744 3656 indebat
767 3601 963 3677 corporum
989 3582 1121 3669 robur,
1163 3609 1226 3662 ve.
1286 3613 1287 3626 κ

165 3693 290 3783 nando
321 3706 357 3767 et
383 3693 540 3791 palando
561 3717 626 3792 per
641 3715 747 3791 agros
769 3692 1084 3771 indurescentium.
1145 3696 1224 3775 Ne-

161 3827 236 3904 que
253 3806 345 3882 adeo
360 3809 567 3882 animorum
581 3806 685 3883 i'acile
702 3805 900 3883 concordia
916 3804 982 3883 nisi
1000 3806 1046 3885 ad
1065 3807 1224 3891 aliorum

1071 3923 1223 4024 deprae-
