710 1331
99 222 124 242 ¹4
292 220 436 235 εξ

95 272 136 291 -res3
154 267 178 286 ira
191 266 275 286 relietum
288 266 313 285 est
328 265 390 290 paffim
408 266 429 285 in
443 266 521 286 numine
533 266 563 290 id,
581 267 634 292 quod

94 295 168 316 dudum
179 296 198 314 in
212 295 229 314 se
241 295 283 320 ipsis
296 300 336 313 non
347 294 451 314 tolerabant
459 295 550 315 homines.
579 295 633 315 Adeo

94 323 172 343 difficile
185 323 211 343 est
222 323 291 349 sapere,
305 323 337 342 vbi
345 323 424 342 maiores
432 323 537 348 defipuere,
553 327 571 343 et
583 330 633 343 rece-

97 352 141 372 dere
152 352 175 371 ab
187 353 220 375 iis,
239 358 286 377 quae
300 356 396 377 perperam
409 358 419 371 a
429 352 511 377 patribus
526 352 591 372 tradita
602 358 633 372 ac-

96 386 185 406 cepimus.

153 437 170 457 A
181 437 250 462 quibus
261 436 336 462 populis
348 437 404 457 sen-iel
411 436 497 462 pluribus
504 438 560 457 rebus
568 444 589 458 ac
599 444 632 458 na.

96 469 148 486 turae
159 466 241 491 partibus
254 469 272 485 et
286 465 350 485 formis
363 466 393 485 sua
406 465 449 485 effet
462 465 547 491 affignata
559 470 630 490 natura.

97 500 145 520 quae
156 500 185 514 eas
198 494 297 516 incoleret,
316 497 409 517 moueret,
424 494 472 514 forte
482 495 536 514 etiarn
546 501 631 520 procrea-

95 526 125 543 ret
133 528 155 542 ac
162 522 246 547 fingeret,
254 522 291 542 hoc
297 522 328 545 est,
337 523 403 547 genius
412 522 484 548 aliquis.
493 528 550 548 quem
558 530 593 543 nos
602 524 630 543 so-

96 551 156 571 lemus
163 551 266 576 appellare,
280 551 311 570 seu
318 551 373 570 deus:
382 557 446 570 eorum
455 552 529 576 ingenia
539 552 630 577 procliuia

96 579 131 599 ess‘e
145 580 228 600 crederes
239 580 261 599 ad
274 585 313 599 eam
326 579 470 604 persuasionem,
488 583 509 599 vt
519 580 597 605 praeeffe
606 581 628 600 iia

96 608 204 628 numinibus
219 614 289 628 numen
302 607 389 633 aliquod,
412 608 487 631 ordine,
505 609 524 628 vi
536 614 557 628 ac
568 609 629 634 digni-

96 640 133 656 tate
149 637 241 662 superius,
255 640 287 656 aut
302 642 370 655 numen
383 636 460 661 aliquod
471 636 573 660 summum,
588 638 630 663 opi-

96 669 187 685 narentur.
217 665 278 685 Tarda
289 669 350 684 tamen
361 665 385 684 est
397 671 450 685 mens
459 665 539 685 humana
548 666 570 685 ad
581 666 630 685 hanc

92 694 204 719 opinionem
217 693 371 719 ampleiffldam,
393 699 429 713 nee
439 693 492 713 facile
503 700 526 713 eo
538 694 628 719 proceffir,

95 722 128 742 nisi
139 723 158 742 in
167 723 189 742 iis
199 722 246 742 locis
253 728 274 741 ac
281 722 367 747 populis,
384 723 416 747 qui
423 723 480 747 regis,
495 722 565 742 multos
574 728 629 748 regu-

91 751 125 771 los
138 751 179 771 suae
192 750 259 770 ditioni
273 750 362 770 subieaos
377 750 472 772 habentis,
490 751 569 776 imperio
577 757 628 776 pare-

95 783 142 799 rent.
174 779 324 804 Attemperauere
335 779 366 798 alii
377 779 455 798 deorum
466 783 541 799 coetum
549 783 568 799 et
577 780 628 799 ordi-

95 814 128 827 nes
139 808 174 827 suis
185 808 240 827 rebus
251 807 341 833 publicis,
356 807 396 826 aliis
404 807 456 826 aliter
464 808 572 827 constitutis.
601 807 628 827 Vt

92 842 150 859 nro,
165 837 253 856 omnibus
266 835 352 858 exclusis,
367 842 425 855 vnum
433 839 504 855 tantum
514 842 582 856 numen
593 836 628 856 ell'e

95 865 128 884 fibi
145 865 282 890 persuaderent:
305 864 318 884 si
332 870 371 884 non
389 864 472 889 superbia
489 868 508 884 et
524 866 628 890 arrogantia

95 894 189 919 populari,
207 899 244 919 qua
254 893 306 912 suum
315 893 371 912 deum
379 893 481 918 indigetem
490 894 577 913 omnibus
586 893 626 913 aliis

90 923 216 948 praeferrent,
239 922 357 946 eundemque
367 921 475 946 alienigenis
490 921 525 941 diis
539 926 626 947 tanquam

90 952 117 970 ·in
126 951 223 970 honorem
240 956 261 969 ac
280 950 345 969 locum
360 949 393 969 fibi
411 949 494 969 debitum
512 950 626 976 subrepenti-

91 980 130 999 -bus
143 979 228 999 infestum
239 982 258 998 et
268 979 287 998 in
295 984 359 998 eorum
368 979 446 998 exitium
454 979 582 998 imminentem
594 980 627 999 sta·-

90 1011 177 1030 -tuerent,
200 1007 272 1027 addussi
288 1010 340 1026 erant
359 1007 453 1026 homines:
474 1007 505 1030 id,
528 1007 560 1027 nili
578 1007 626 1027 duce

94 1036 221 1062 philosophia,
236 1036 266 1055 seu
273 1036 352 1055 reuelata
361 1035 392 1055 seu
399 1035 494 1055 subtiliore
502 1036 573 1061 aliqua,
587 1041 627 1056 non

94 1066 153 1090 magis
167 1064 257 1090 expeeiari
270 1065 341 1089 potuit,
361 1070 416 1089 quam
429 1068 449 1083 vt
461 1070 471 1083 a
480 1064 559 1084 senssbus
569 1065 591 1084 ad
599 1066 628 1084 iu-

93 1093 214 1118 telligentiam
224 1097 242 1112 et
250 1097 331 1112 mentem
341 1099 410 1112 numen
419 1096 533 1112 reuocarent.
562 1093 628 1118 ltaqu-

94 1123 115 1141 in
127 1122 198 1141 nostros
213 1121 316 1141 Germanos
329 1121 382 1146 prisci
395 1122 436 1140 aeui
444 1121 499 1140 nimis
508 1121 627 1146 indulgentes

95 1156 116 1170 ac
129 1150 212 1174 liberales
224 1150 258 1170 ess‘e
270 1150 368 1173 videntur,
388 1150 454 1177 qui-iis
467 1156 506 1169 eam
514 1150 627 1175 religionum

559 1178 629 1198 subtili.
