710 1331
32 40 482 145 -Ξ

256 224 398 233 -““-
568 222 593 245 85

62 271 117 290 babili
131 270 194 295 aliqua
207 270 296 295 opinione
308 269 397 295 pleraque
409 270 451 290 sunt
463 270 595 290 constituenda

61 299 180 319 Manifestum
192 302 253 318 autem
268 298 298 320 fit,
315 302 399 323 tempora
411 302 430 318 et
441 305 469 318 res
478 299 523 324 ipsas
533 300 596 324 potius

61 333 117 352 quam
134 327 243 352 exquifitam
261 326 341 351 aliquam
358 327 485 351 prudentiam,
504 328 596 352 principio

61 356 133 378 saltem,
152 361 224 375 morem
232 359 251 374 et
260 355 363 375 institutum
371 355 408 375 hoc
416 356 435 375 in
444 362 501 381 remp.
510 355 595 375 intuliire.

118 411 205 432 Omnino
220 415 240 431 vt
252 412 335 431 colonias
348 413 451 435 mitterent,
466 412 555 432 Romanis
563 418 597 432 ne-

62 440 160 461 :effitatem
172 441 216 460 fecit
225 441 315 462 immane.
330 441 381 466 quod
391 445 430 460 tum
442 445 489 464 erat,
505 442 534 461 ius
544 440 595 464 belli.

62 476 104 489 cnm
120 470 174 488 omni
189 469 239 494 pube
247 469 296 488 caesa
304 473 335 488 aut
344 469 377 489 sub
386 475 454 489 corona
462 470 535 489 vendita
545 469 596 489 vassi-

61 499 105 517 tiem
119 503 207 522 agrorum
220 497 306 517 facerent.
335 497 362 517 Vt
373 498 411 522 agri
422 499 470 523 capti
480 498 521 518 vsus
530 498 597 523 aliquis

62 526 116 548 effet,
141 526 244 545 deducendi
257 529 308 545 erant
324 526 400 550 coloni3
422 532 457 546 nec
472 527 534 546 minus
550 530 596 549 tum,

62 561 105 574 cum
121 555 196 574 mitiore
208 554 285 574 confilio
300 554 323 574 ad
336 555 442 579 augendum
453 556 523 574 ciuium
532 561 597 574 nume-

62 589 103 602 rum
114 583 156 602 vidi
164 586 183 602 et
191 583 239 607 capti
246 582 326 602 Romam
333 583 477 603 traducerentur.
507 582 555 602 Cum
564 589 597 602 co-

62 612 102 631 loni
115 611 190 636 longius
203 612 226 630 ab
239 612 284 630 vrbe
297 611 424 633 abscederent.
452 611 475 631 nd
490 611 597 636 suflragintn

63 640 160 659 ferendum
175 639 246 659 Romae
260 645 304 659 cum
314 640 415 659 commodo
424 639 456 659 sno
465 639 523 659 adeffe
531 640 597 665 nequi-

63 669 119 692 bant3
136 672 209 693 gratum
223 669 286 693 itaque
299 672 317 687 et
328 674 363 693 pro
378 668 467 688 beneficio
476 669 569 691 habitum,
584 668 598 688 fi

64 697 98 716 suis
109 698 165 716 rebus
178 697 215 716 fine
224 696 372 722 interpellatione
382 703 445 716 vacare
452 697 521 716 liceret.
550 696 607 716 Ver-¹

64 725 102 745 sum
117 725 154 744 hoc
165 725 226 750 postea
238 725 258 744 in
269 731 351 747 morem,
371 731 427 750 quem
442 726 462 744 in
474 726 554 745 comitiis
566 725 598 744 ha-

65 754 129 773 bendis
136 753 204 773 vtilitas
212 754 255 778 reip.
265 753 395 773 commendare
405 754 478 777 debuit;
491 755 544 779 isque
552 759 598 773 rnox

65 783 83 802 in
99 783 128 801 ius
140 782 193 804 abiit,
210 782 291 807 iurisque
305 782 408 805 Quiritium
420 785 476 807 caput
488 783 598 801 constituere

65 811 127 836 coepit
138 811 264 835 praecipuum.
298 810 377 829 Ademto
392 814 452 829 autem
465 811 504 830 iure
518 810 599 835 suffragii

65 839 140 864 reliquis
153 839 240 858 omnibus
253 838 354 862 Qniritium
368 839 448 861 iuribus,
463 844 511 864 quae
521 839 598 864 quidem

65 867 87 887 ad
95 868 160 886 statum
171 867 279 892 publicum,
294 870 314 886 vt
321 873 372 886 nunc
380 867 484 892 loquimur,
498 868 598 892 pertinenti

66 896 150 915 excidere
162 895 241 914 colonos
254 894 324 914 neceffe
335 895 375 915 fuit.
412 895 453 915 Nec
463 901 517 918 vero,
530 895 598 915 etiamsi

65 924 184 943 consiliorum
196 923 293 949 prudentia
305 923 350 943 haec
358 924 383 943 ita
392 924 472 943 instituta
481 923 515 943 effe
527 923 600 949 liquido

65 952 166 975 constaret,
178 952 295 971 mirationem
302 952 321 971 id
332 952 391 971 facere
398 952 482 971 deberet:
497 958 539 972 nam
546 952 599 971 facile

65 987 107 1001 eam
119 981 207 1000 subiicere
217 981 282 1000 animis
289 981 351 1005 potuit
359 987 380 1000 nc
389 981 453 1000 debuit
462 981 517 1000 ssatus
529 985 547 1000 et
554 987 600 1000 con-

64 1010 114 1029 ditio
121 1015 169 1034 quae
177 1013 218 1029 tum
226 1012 264 1028 erat
271 1008 342 1028 ltaliae:
354 1009 469 1028 habitabatur
477 1009 507 1028 illa
517 1010 539 1028 ab
547 1010 600 1029 omni

65 1038 110 1058 inde
127 1038 215 1057 memoria
228 1043 237 1056 a
250 1037 329 1056 coloniis
345 1037 452 1059 Ausonum,
475 1037 598 1060 mmmmm,

64 1065 184 1091 Pelasgorum
197 1070 215 1085 et
223 1065 347 1089 Graecorum
362 1065 435 1085 Latium
443 1065 511 1085 XXX.
520 1066 600 1085 coloniis

67 1094 125 1114 Albae
139 1094 215 1119 Longae
228 1098 267 1113 erat
279 1094 427 1119 frequentatum5
445 1098 483 1113 erat
498 1095 517 1113 in
531 1095 553 1113 iis
562 1094 600 1119 ips:

66 1122 133 1143 Roma.
166 1123 227 1142 Multa
239 1123 295 1147 igitur
308 1126 381 1147 tempus
394 1126 413 1141 et
421 1128 450 1141 res
458 1122 525 1142 docere
533 1128 554 1141 ac
561 1123 601 1141 sua·-

66 1151 111 1171 dere
119 1151 193 1174 debuit,
208 1157 256 1177 quae
264 1156 315 1171 nunc
323 1151 437 1176 ignoramus.
465 1150 558 1170 Videntur
567 1151 602 1175 igi-

348 1178 362 1199 F
377 1185 385 1203 3
570 1183 601 1198 tur
