710 1331
71 254 73 258 ⁸
90 257 138 277 quae
150 252 262 276 cogitatione
270 251 384 277 designabat,
399 252 483 277 proprie,
496 257 531 271 nec
537 251 627 271 nendum

91 280 150 300 luisset
166 281 265 305 symbolica
279 281 360 302 ratione,
387 286 423 305 qna
438 280 495 299 sensui
509 280 627 299 subticeretur

91 309 110 328 id
126 306 223 333 quod'sub
236 308 305 328 sensum
318 314 357 327 non
366 308 439 327 caderet
447 314 482 328 nec
489 308 555 328 adduci
563 308 626 333 posset.

92 337 170 359 Saltem,
189 343 212 356 ex
221 343 261 362 quo
272 337 331 356 sermo
342 337 439 356 hominum
451 337 473 356 ad
481 336 627 362 philosophicam

91 365 209 385 subtilitatem
224 365 259 384 suit
271 364 369 387 adduous,
389 366 457 384 vtinam
473 366 533 384 omnis
543 365 574 384 illa
581 364 628 389 sym-

93 394 154 413 bolica
169 398 187 412 et
203 393 302 418 allegorica
317 393 376 412 oratio
394 397 413 412 et
426 393 473 412 aelio
487 399 497 412 e
509 394 583 418 generis
594 393 630 412 hu-

92 423 142 441 mani
153 422 267 441 commerciis
277 421 344 446 expelli
352 420 448 446 potuisset!
467 421 524 441 Nunc
533 425 595 441 autem
604 422 629 440 ita

93 450 169 472 accidit,
188 454 207 469 vt
215 456 235 469 ea
243 449 334 474 symbola,
346 455 380 475 per
388 455 435 475 quae
443 450 540 469 rudiorum
548 454 629 469 aetatum

93 480 180 498 notiones
192 478 283 503 expositae
294 477 360 500 effent.
378 484 417 497 non
430 478 488 498 modo
499 479 630 501 retinerentur,

94 513 159 525 verum
176 506 223 526 adeo
239 507 365 531 acciperentur
382 511 469 532 tanquam
485 507 560 532 proprie
575 506 630 529 ditia,

95 535 247 560 efficeremurque
259 540 281 554 ex
294 535 316 554 iis
330 535 441 559 opinionum
448 538 543 560 poi-tenta,
561 535 631 560 quibus

95 563 185 588 implicita
199 563 251 582 mens
263 563 343 582 humana
358 568 390 588 per
399 569 455 582 omne
464 569 531 582 aeuum
541 566 631 588 tanquam

95 592 217 618 compedibus
234 595 316 613 tenetur,
340 597 351 610 e
369 592 437 616 quibus
456 591 536 611 necdum
552 597 631 616 magnae

95 620 193 639 hominnm
206 620 252 645 parti
266 620 368 639 extricandi
379 619 397 638 se
410 625 445 639 nec
457 617 541 639 elabendi
555 619 592 639 vlla
606 619 631 639 est

94 648 176 668 facultas.
215 647 241 667 lta
258 654 292 673 per
309 646 374 667 ornnes
389 651 456 667 aetates
469 652 488 667 et
500 654 533 673 per
545 649 631 667 omnium

95 678 179 701 gentium
193 676 297 701 sapientiam
304 677 386 695 diuinam
395 680 414 696 et
421 676 520 696 humanam
530 681 633 701 regnarunt

95 705 182 728 dogmata
198 709 216 723 et
228 704 294 729 placita
308 710 331 723 ex
345 704 382 723 illis
393 704 480 730 symbolis
491 705 538 724 male
551 705 632 730 acceptis

95 733 159 755 duda,
178 736 197 752 et
210 733 233 751 ad
246 732 363 751 subtilitatem
377 732 522 758 philosophicam
535 737 631 753 reuooeta:

95 762 163 786 quibus
171 764 223 780 tanto
232 760 324 780 difficilius
333 761 358 780 ess
366 767 472 784 occurrere,
489 761 501 781 fi
511 761 566 784 velis,
586 767 632 781 cum

95 789 173 809 austeris
185 790 239 808 verba
251 789 288 814 ipsa
303 790 374 808 recitari
395 789 453 808 aliaue
470 790 567 809 austeritas
578 795 632 809 com-

96 819 195 837 memorari
208 817 262 843 poffit
273 817 342 837 diserta.
368 817 441 837 Scilicet
451 818 495 837 fecit
505 815 588 837 fraudem
597 818 631 837 illa

96 847 171 871 opinio,
186 852 232 871 qua,
246 846 298 871 quod
311 846 366 871 primi
374 846 468 868 homines,
484 846 585 866 neceffitate
599 846 632 865 ad-

96 875 155 897 dudi,
181 875 269 894 sermonis
283 874 346 893 idonei
364 875 449 899 penuria,
470 880 502 900 per
515 874 598 900 symbola
613 879 632 895 et

96 903 218 928 hieroglypha
226 903 351 928 protulerant,
366 903 443 922 eonfilio
453 907 484 922 aut
493 903 557 922 fraude
564 903 632 923 fadum

95 931 180 956 plerique
200 932 371 956 interpretarentur,
395 932 453 957 inque
471 931 513 956 ipfis
527 931 633 957 disciplina-

94 965 137 979 rum
150 960 256 984 primordiis
266 963 285 979 et
293 959 403 979 incunabilis
411 959 531 979 subtiliffimas
540 966 632 985 quasque,

93 988 126 1006 vix
143 988 162 1006 in
179 988 239 1007 nostra
254 987 356 1007 litterarum
372 988 414 1007 luce
430 988 574 1011 animaduersa.
600 992 634 1008 aut

94 1021 170 1035 omnem
179 1020 229 1035 extra
238 1016 314 1035 humani
326 1016 396 1041 ingenii
404 1016 502 1036 modulum
512 1016 588 1042 polim,
603 1022 632 1036 ar-

94 1049 148 1063 canas
162 1044 253 1064 dossrinas
266 1044 354 1064 sermonis
369 1044 397 1064 vel
411 1045 508 1070 scripturae
522 1045 632 1070 ambagibus

93 1076 112 1092 et
126 1073 228 1092 inuolucris
243 1072 335 1092 occultare
347 1072 423 1093 voluisse
437 1073 556 1093 crederentur
566 1074 597 1093 seu
606 1073 632 1093 sa-

93 1101 177 1121 cerdotes
189 1101 220 1120 seu
233 1100 343 1127 philosophi.
373 1101 422 1125 Quis
430 1102 502 1127 quaeso,
511 1102 544 1122 suo
553 1102 634 1124 iudicio,

92 1134 132 1149 nou
148 1130 227 1149 aliorum
252 1129 362 1154 cupiditate.
377 1130 444 1150 duetus
466 1130 498 1150 fibi
521 1130 629 1155 persuadere

568 1158 628 1184 pouit,

86 209 126 227 ²9²
