710 1331
65 280 138 300 honore
153 286 175 300 ae
191 281 273 306 praemio
285 280 302 299 se
314 279 402 300 assecutos
415 280 450 300 effe
463 280 491 300 illi
501 281 600 306 putabunt.

64 314 120 334 quam
136 313 156 328 vt
172 309 195 328 de
213 308 292 329 succeffu
309 309 382 328 suorum
398 309 499 328 studiorum
514 309 602 334 laetoque

64 337 192 362 professuum,
214 338 271 357 etiam
284 343 316 362 per
328 337 412 357 futurum
425 341 507 362 tempus,
532 342 602 357 euentu

62 366 110 385 hene
127 366 212 390 augurari
226 365 304 391 possint3
326 371 361 385 nec
376 369 437 385 tamen
450 366 485 385 alia
500 366 528 385 via
541 372 562 385 nc
574 372 602 385 ra-

62 395 126 417 tione,
143 400 199 419 quarn
212 395 319 414 continuata
331 397 350 413 et
362 397 434 413 tanturn
443 400 481 413 non
489 395 602 419 ingeminata

62 428 105 442 cum
114 422 197 442 lessionis
205 426 223 442 et
232 423 363 444 meditationis.
378 426 417 442 tum
427 422 530 448 scriptionis
538 429 602 448 opera,

63 457 107 470 cura
122 455 140 470 et
156 450 266 475 assiduitate3
288 457 312 471 eo
329 454 394 471 contra
409 451 480 476 turpius
493 457 514 470 ac
528 451 602 471 foedius

61 479 103 499 fore
116 479 206 502 dedecus,
225 479 237 499 fi
251 483 320 505 partam
332 479 406 499 laudem
419 485 458 499 non
470 480 518 499 tueri
528 486 562 499 nec
572 480 601 499 his

64 508 148 533 auspiciis
162 508 215 528 ereffl
228 508 250 528 ad
261 508 330 527 summa
341 513 427 533 quaeque
434 508 547 528 contendere
556 514 602 534 con-

63 536 131 556 stanter
145 542 166 556 ac
180 537 296 562 pertinaciter
310 537 412 556 studuerint
427 540 446 555 et
454 536 601 556 allaborauerint.

64 564 118 590 Regi*
132 569 193 584 autern
215 564 375 590 Indulgentiffimo
391 565 457 589 gratias
475 569 531 590 agent
539 565 603 584 nobis-

66 599 110 612 cum
122 593 282 616 deuenerabundi,
306 594 359 613 cuius
371 593 448 613 confilio
462 597 481 612 et
494 593 603 613 munificen-

65 622 91 641 tia
106 622 209 641 institutum
220 622 258 643 hoc
270 625 362 641 certamen
376 622 412 643 est.
432 627 476 647 quo.
485 621 518 647 ips·
533 621 559 641 sui
573 622 603 641 in-

65 651 117 675 genii
132 651 178 670 vires
192 650 296 676 explorare,
315 650 427 676 suorumque
438 650 553 675 professuum
561 656 603 670 mo-

65 678 132 698 dulum
146 679 263 704 exploratum
276 685 297 698 ac
310 679 408 704 probatum
424 679 476 701 dare,
498 678 530 698 fibi
545 679 604 698 confi-

66 707 111 727 dere
123 711 142 727 et
153 708 224 733 optima
235 713 321 733 quaeque
335 708 383 727 dese
394 707 473 732 sperare,
492 707 603 728 didicerunt.

65 735 94 755 Vt
108 742 152 755 vero
167 737 222 756 etiam
236 736 274 758 ini,
291 737 324 761 qui
333 740 402 756 metam
413 739 495 761 optatam
503 736 555 755 cursu
564 742 604 756 non

65 764 177 789 attigerunt,
196 765 303 790 diligentiae
315 764 356 784 suae
369 770 390 784 ac
404 764 458 784 studii
466 764 534 784 fruflus
543 765 603 784 serant

65 793 171 815 ‚vberioresz
193 793 224 812 etfi
238 794 275 813 iam
289 793 326 818 ipsa
339 793 409 818 ingenii
424 793 502 812 acuendi
516 797 535 812 et
548 794 604 812 indu-

68 821 121 841 striae
142 821 249 841 excitandae
267 822 396 846 opportunitas
418 821 546 846 scribendique
563 822 604 841 vsua

67 854 104 875 pro
117 856 187 875 magno
200 854 219 869 et
233 850 338 875 expetendo
354 849 412 869 fruciu
423 850 485 869 haberi
501 849 565 869 debet:
584 853 605 869 vt

68 882 131 898 tamen
149 879 228 898 maiores
245 884 321 904 quoque
340 878 409 898 frua-ss
427 883 445 897 et
459 878 545 898 vtilitates
561 878 604 898 inde

68 907 161 930 auferant,
177 907 257 926 liberum
271 906 312 932 ipsis
327 907 371 930 erit,
389 907 439 926 adire
452 907 521 926 iudices
534 912 605 932 eosque

68 936 173 958 consulere,
193 936 239 961 quid
254 935 365 961 potissimum
379 935 402 955 de
415 936 484 954 viribus
496 935 565 960 ingenii
578 935 604 955 sui

67 964 177 990 sperandum
191 964 224 983 fibi
237 964 267 986 fit,
285 970 368 989 quonam
382 965 401 983 in
415 970 482 988 genere
495 963 604 987 litterarum,

69 999 149 1019 quanam
167 994 186 1012 in
198 997 261 1018 parte,
283 993 361 1012 maiores
373 992 406 1012 fibi
422 992 500 1012 faciendi
513 992 548 1011 fint
562 998 606 1018 pro-

68 1022 137 1044 fessus,
154 1022 200 1047 quid
214 1021 332 1047 fugiendum,
349 1021 395 1046 quid
407 1021 542 1046 appetendum,
560 1021 607 1046 quid

70 1050 183 1070 elimandum
199 1049 220 1069 fit
234 1053 265 1069 ant
278 1049 419 1069 emendandum.
449 1048 526 1069 Ordinis
542 1050 606 1075 vtique

65 1078 171 1104 'theologici
190 1078 278 1098 Deoenus
293 1078 402 1097 venerabilis
415 1077 434 1097 id
449 1079 502 1098 etiam
517 1078 537 1097 in
553 1082 606 1098 voto-

69 1113 111 1127 rum
126 1114 147 1127 ac
161 1107 291 1127 dessderiorum
304 1106 377 1126 suorum
388 1111 439 1131 parte
446 1107 510 1126 haberi
518 1106 607 1132 profess'us

70 1136 105 1159 est,
123 1140 144 1155 vt
157 1136 235 1155 edocere
249 1135 302 1161 poffit
316 1140 358 1157 eos,
378 1135 410 1160 qui
425 1136 494 1155 viribus
508 1135 544 1155 suis
557 1135 607 1155 haud

64 1165 132 1191 ‘parem
147 1170 222 1190 operam
238 1163 314 1190 aggreffi
326 1163 373 1183 sunt.
391 1185 393 1188 .
546 1191 561 1212 B

564 1192 608 1212 estat

558 236 598 255 251
625 249 628 252 ⁴
