710 1331
111 258 176 275 mutua
188 258 207 275 et
216 255 291 275 sublesta
299 254 349 274 fides.
365 264 367 267 ·
378 254 479 274 Incendere
488 255 559 275 animos
567 257 647 280 potuere

111 282 222 303 Latinorum
234 287 253 303 et
264 283 343 303 aliorum
358 283 460 305 sociorum,
478 283 526 302 inter
538 289 586 308 quos
595 284 647 306 viiie-

111 312 167 334 bant,
187 312 261 332 consilia
272 315 291 331 et
301 311 367 334 studia,
381 318 423 331 cum
432 312 471 331 iura
479 311 511 331 fibi
520 312 593 337 aequari
601 316 648 334 cumj

111 339 202 360 Romanis
214 341 227 360 ii
240 340 360 366 postularent:
375 340 424 359 vnde
431 343 471 360 orm
481 340 529 360 bella
538 340 645 365 grauissima,

112 373 131 388 et
141 369 202 388 clades
210 373 294 388 mutuae:
309 369 377 393 quibus
385 368 426 388 finis
435 368 546 394 plerumque
553 369 578 388 ita
586 370 648 394 impo-

111 397 165 420 fitus,
191 401 211 417 vt
225 398 351 417 internecione
365 397 470 416 delerentur
483 397 536 420 socii,
558 397 647 416 vastaren-

112 429 143 445 tur
155 426 224 451 oppida
231 429 249 445 et
259 426 303 450 agri.
332 424 382 445 Raro
391 425 478 448 Senatus,
493 431 540 450 quae
549 426 647 451 prudentia

113 457 132 473 et
146 455 228 479 aequitas
239 454 313 473 suadere
324 457 405 479 poterat,
420 454 507 479 sequutus
516 454 549 473 est:
561 454 613 479 quod
620 454 647 473 se-

114 482 151 502 mel
164 482 229 501 facium
243 481 317 501 Camilli
327 483 406 501 maxime
415 482 491 501 consilio
499 481 522 501 V.
533 481 553 501 C.
562 488 609 506 417·
620 482 646 507 i).

113 509 148 530 Per
158 511 220 530 eadem
230 515 312 536 tempora
320 510 398 530 euenisse
407 511 485 533 videtur,
500 514 520 530 vt
528 514 557 530 tot
565 511 648 530 colonia-

113 545 166 561 rum,
180 545 227 564 quae
236 545 268 564 per
278 538 346 558 ltaliam
356 539 436 561 fuerant,
448 539 484 558 iam
493 538 526 558 sub
535 538 648 558 Punicorum

114 568 207 587 bellorum
219 572 302 593 tempora
309 573 348 586 non
357 567 389 586 nisi
398 568 474 586 nomina
483 571 571 587 extarent.
601 567 647 587 Non

115 597 164 615 enirn
177 596 199 615 ad
212 602 254 618 eus,
272 602 320 621 quos
328 595 363 615 suis
374 596 447 621 legibus
456 595 611 621 parereiusfiss‘et,
627 594 648 615 iii

114 624 203 649 obsequio
212 624 341 646 continendus,
350 624 435 649 sapientia
440 624 516 644 Senatus
521 624 601 644 Romani
608 630 647 643 me-

114 652 161 672 liora
172 653 245 672 consslia
260 653 339 678 reperire
351 653 421 677 potuit,
437 659 493 678 quam
503 658 549 678 quae
558 653 645 672 omnibus

114 681 146 703 iis¹
166 682 198 706 qui
211 687 276 706 magna
290 681 364 705 imperia
372 681 504 703 condiderunt,
520 681 604 706 vsurpare
612 681 648 701 sol-

114 709 169 728 lenne
183 710 227 731 fuit,
246 710 268 728 ad
281 715 327 734 quae
339 709 414 734 quidem
423 709 544 734 excogitanda
555 715 590 729 nec
601 709 647 729 adeo

114 743 181 762 magna
199 739 268 762 ingenii
282 738 359 757 sollertia
371 743 418 762 opus
429 738 463 760 est,
482 742 511 760 vt,
531 744 578 763 quos
590 739 608 757 vi
626 744 648 757 ac

114 771 165 785 metu
177 765 310 791 oppresserant,
329 765 342 785 fi
350 768 375 784 ira
385 766 409 785 ob
419 765 497 785 amiss‘ani
506 766 608 786 libertatem
616 770 648 786 aut

114 795 140 813 ob
148 794 237 814 seruitutis
246 800 293 814 onus
301 794 372 813 audium
381 794 448 813 incenss
456 795 551 819 imperium
561 794 648 814 detressa.

114 827 186 845 verant,
208 829 245 841 nun
263 826 300 841 tam
312 828 369 842 onere
381 829 413 842 eos
427 823 520 844 leuarent,
535 823 557 842 ad
566 824 648 848 aequita-

116 854 154 870 tem
167 855 184 870 et
195 851 326 870 humanitatem
341 851 414 870 confilia
426 855 543 873 reuocarent,
559 855 588 874 et,
604 857 648 871 cum

113 879 131 898 se
143 879 189 903 ipsos
202 880 266 904 culpae
279 879 361 898 aufiores
372 879 467 899 habendos
474 879 646 902 effe-meminissent,

113 908 136 926 ad
149 908 280 932 ignoscendum
294 907 350 927 essent
361 907 431 931 faciles;
446 914 509 927 verum
520 912 540 926 vt
548 908 567 927 in
579 909 647 927 noxios

113 940 145 955 aut
156 936 243 960 luspetios
253 937 318 960 poenis
329 941 349 955 ac
359 936 451 960 suppliciis
460 936 557 958 saeuirent‚
571 937 647 956 iniurias

113 968 182 983 veteres
199 965 253 983 nouis
269 965 339 983 iniuriis
352 964 472 983 cumularent.
511 964 538 984 Ita
552 965 609 984 statim
621 964 645 984 V.

113 992 134 1011 C.
147 999 189 1015 320.
202 999 243 1011 cuni
253 996 319 1017 quartu
331 993 373 1011 inde
385 999 434 1011 anno
444 993 522 1012 Fidenae
530 993 552 1011 ad
559 992 646 1013 Veientes

112 1020 226 1043 defecerant,
246 1021 296 1040 vitiis
309 1021 427 1040 Fidenatibus
439 1025 457 1040 et
467 1021 576 1040 Veientibus
586 1028 646 1046 oppu-

590 1055 639 1075 gnau

169 1095 222 1112 n³c³ufl
235 1095 267 1110 iun
284 1095 405 1115 impertirentur.
436 1094 458 1111 Et
473 1094 530 1115 pessimi
543 1096 609 1116 exempli
622 1101 639 1112 κ

169 1115 230 1133 fu=ffet.
245 1115 256 1131 si
267 1116 328 1132 coloni:
338 1116 396 1131 desem
406 1115 472 1132 Rom-m
484 1116 523 1132 noui
536 1117 589 1132 minui
597 1117 628 1133 redi

168 1136 255 1157 pon-issent.

140 1164 157 1185 i)
168 1169 183 1180 v.
194 1164 229 1180 Liv.
238 1163 285 1184 vm,
296 1168 321 1184 1⁴.
