2580 4996
171 638 221 731 96
558 645 840 702 ·-·.·-........-··

169 831 329 922 adferre,
357 832 624 929 vobiscumque
643 828 806 906 recolere
819 829 1052 930 curatiusque
1063 819 1240 908 excutere

169 945 309 1048 placet3
353 943 496 1022 srsorte
519 944 604 1020 inde
630 943 764 1018 utilitas
793 943 932 1041 aliqua,
965 956 1028 1018 aut
1044 945 1154 1020 taedii
1172 946 1238 1021 lul-⁴
1274 1000 1285 1015 f

170 1073 265 1149 tem,
297 1060 402 1158 quod
422 1081 546 1147 mora,
578 1078 671 1156 quae
691 1057 884 1132 intercedit
898 1055 1146 1148 sollennibus,
1182 1059 1240 1135 fa·

171 1192 254 1252 cere
268 1173 405 1274 potest,
432 1170 606 1249 detrasiio
625 1170 730 1246 uobis
748 1172 863 1270 parari
881 1167 998 1270 poffin

174 1480 181 1497 ‚
198 1439 201 1442 ·
284 1392 381 1475 Cum
398 1399 437 1473 in
452 1394 524 1471 hoc
539 1391 690 1501 essemus
706 1406 746 1469 vt
760 1393 994 1472 scriberemus
1009 1395 1118 1486 haec,
1135 1396 1239 1476 aliud
1278 1472 1280 1475 .

63 1576 65 1582 ,
173 1526 322 1612 agentes
346 1510 542 1587 incidimus
561 1509 600 1584 in
618 1508 769 1610 Musunii
784 1508 884 1610 Rufi.
913 1509 1123 1609 philosophi
1141 1511 1240 1588 Stoi·

173 1649 304 1704 corum
330 1623 462 1724 placitu
496 1620 730 1711 aemulantis,
766 1636 805 1697 et
837 1619 997 1699 Neronis
1012 1621 1239 1724 Vespasiani·
1279 1657 1283 1722 j

174 1762 248 1839 que
277 1750 392 1813 aetate
415 1737 530 1838 fludio
555 1740 703 1812 iuuenum
723 1743 903 1834 praeceptis
921 1739 1103 1840 sapientiae
1115 1741 1239 1837 smirn-

173 1858 216 1930 tir
231 1847 286 1952 o),
294 1849 500 1951 sermonem
515 1849 613 1948 apud
628 1846 1015 1927 IoannemStobaeunr
1036 1855 1239 1930 memoriae
1279 1903 1282 1930 2

153 1960 387 2045 vmandatum
411 1963 470 2056 b).
544 1960 756 2040 Grauissima
780 1965 828 2039 est
853 1961 937 2040 Rufi
959 1963 1154 2063 disputatio
1173 1967 1239 2042 ad.

174 2081 296 2157 uersus
311 2080 646 2178 intemperantiam,
675 2098 747 2175 qua
765 2076 845 2152 sane
862 2077 954 2152 nihil
970 2074 1038 2154 elle
1053 2080 1168 2176 potest
1187 2079 1236 2157 ad
1280 2163 1283 2170 ,

174 2196 308 2272 mentis
334 2194 410 2268 vim
443 2205 480 2267 et
508 2213 662 2266 acumen
689 2189 961 2266 retundendum
981 2191 1237 2289 perniciosius:
1284 2255 1289 2264 .

175 2308 366 2386 obnubere
386 2307 443 2380 ait
467 2318 504 2378 et
521 2302 694 2380 offuscare
711 2305 870 2379 animam
887 2327 1040 2403 vapores
1056 2309 1236 2404 impuros,
1280 2361 1284 2409 3

176 2423 242 2520 qui
258 2443 305 2496 ex
321 2420 411 2494 cibis
426 2417 521 2493 male
539 2415 743 2505 concoslis,
777 2417 1020 2493 acescentibus
1045 2431 1082 2494 et
1109 2443 1239 2495 corru-
1280 2426 1284 2451 ²

174 2536 268 2634 ptis,
306 2533 496 2607 cerebrum
528 2528 704 2605 infestant.
763 2526 840 2605 Iam
866 2531 1007 2629 reliqua
1033 2534 1237 2631 eiusargu-
1286 2621 1288 2627 A

174 2659 316 2733 menta,
353 2668 373 2719 e
402 2643 609 2721 Stoicorum
628 2642 814 2741 disciplina
832 2648 961 2743 petita,
992 2669 1120 2744 parum
1139 2647 1237 2726 sorte
1284 2684 1288 2694 ·

174 2759 221 2836 ad
238 2758 415 2835 iudicium
433 2758 594 2833 nostrum
612 2755 774 2844 subtilia,
805 2761 1015 2835 omittamus
1030 2783 1149 2853 nunc;
1175 2759 1239 2837 sed

174 2874 255 2973 post
284 2873 352 2962 alia
385 2871 518 2958 multa,
556 2869 731 2969 praestare
752 2872 801 2946 ait
816 2871 1005 2960 alimenta,
1037 2873 1238 2971 quaesunt

174 2983 348 3064 leuillrma
369 3000 406 3061 et
427 2982 607 3086 purissima
632 2974 698 3085 c)‚·
732 2988 780 3062 iia
802 2997 833 3061 et
849 2991 990 3062 animam
1006 2991 1147 3089 nostram
1157 2988 1238 3087 sora

1110 3127 1237 3201 puram

234 3255 279 3337 a)
291 3253 400 3324 4Τιοίτ.
418 3252 569 3330 mxv,
588 3269 640 3336 71·

234 3364 823 3532 uareummne
838 3364 1232 3533 eremum:

283 3531 411 3596 sirene
437 3533 626 3604 iudicamus,
655 3555 692 3594 er
716 3532 862 3595 Pollionis
885 3533 999 3599 Valerii
1022 3535 1233 3610 Alexandrini,

284 3616 339 3698 qui
366 3615 418 3677 sub
435 3616 568 3678 Adriano
583 3616 675 3687 vixit,
696 3616 791 3688 libro,
810 3619 862 3697 qui
880 3616 1042 3700 inscriptus
1058 3629 1139 3681 emt:
1158 3616 1234 3681 uiro·

215 3776 217 3783 Y
284 3696 516 3776 μνημονεύματα
525 3696 691 3759 Μουσωνίου
706 3699 758 3759 τοῦ
774 3699 953 3775 φιλοσόφου.

229 3811 271 3891 c)
290 3804 365 3871 οὕτω
384 3800 446 3867 d’riu
465 3805 513 3867 uel
532 3805 587 3885 τήν
602 3806 710 3888 ψυχήν
726 3806 807 3888 ἡμῶν
824 3807 969 3889 ὑπάρχων
985 3808 1121 3893 καθαράν
1135 3833 1169 3874 τε
1183 3809 1235 3875 καὶ

284 3886 394 3972 sapiu,
416 3886 502 3950 ὁποία
520 3883 591 3973 orias
603 3889 705 3972 ἀρίστη
726 3893 774 3954 xxi
791 3897 954 3972 σοφωτάτη
974 3895 1016 3964 εἰς
1041 3898 1113 3956 πᾶν·
1134 3895 1234 3958 καθαί-

283 3995 340 4054 rrrp
373 3971 664 4055 “Hpanlssrpldanei
693 3977 808 4048 λέγοντι
848 3972 951 4042 οὕτως·
980 3972 1036 4054 αὕη
1060 3977 1155 4056 ψυχή
1184 4000 1234 4041 σο-

194 4127 197 4138 ,
283 4055 411 4135 (pereira
432 4054 480 4116 uel
500 4055 616 4212 ospitem.
667 4056 847 4121 Leslionem
867 4059 999 4121 restituit
1013 4061 1047 4124 P.
1061 4061 1234 4144 Wess'eling

283 4142 318 4202 in
350 4137 439 4202 desta
469 4159 539 4202 conr
572 4142 731 4204 rotatione
757 4142 846 4223 super
869 4144 928 4203 boe
949 4139 1033 4206 disto
1053 4145 1232 4211 Heracliteo

283 4221 369 4286 nise.
393 4219 475 4285 Obll‘.
491 4225 561 4287 crit.
579 4223 649 4290 Vol.
666 4224 705 4291 V.
723 4223 762 4288 Τ.
780 4224 832 4288 lll.
849 4244 878 4305 p.
895 4241 947 4303 42.
966 4223 1026 4307 sqq.
1071 4226 1233 4307 Reperitur

281 4306 358 4368 illud
377 4305 409 4368 ln
434 4305 541 4367 multis
562 4317 698 4369 veterum
720 4307 816 4379 locis,
845 4308 893 4369 sed
921 4309 986 4367 fere
1002 4309 1112 4389 ubique
1125 4329 1233 4371 corru-

280 4400 370 4475 ptum
392 4388 435 4453 est
459 4389 535 4454 illud
553 4390 608 4474 αὕη
627 4392 841 4474 mutatumque
856 4391 888 4453 in
905 4388 995 4472 αὐτῇ,
1013 4388 1105 4469 αὐγή,
1126 4391 1233 4453 sublii-

1162 4488 1234 4538 tuto
