710 1331
90 247 104 267 2⁷
287 251 429 265 Ξ

90 299 163 322 quanm
173 293 307 316 hixmanitatem
319 296 410 316 beneficio
422 296 547 322 obligauerint
554 296 577 319 ii,
592 297 628 322 qui

91 325 157 345 dissuas
167 329 185 344 et
192 325 306 351 longinquas
313 325 364 344 orbis
374 329 463 345 terrarum
476 329 537 350 partes
549 325 606 344 aditas
615 331 626 345 a

90 354 108 373 se
118 353 236 379 descripsere,
250 358 269 374 et
277 354 300 373 de
307 357 383 373 naturae
392 354 461 379 copiis,
469 354 573 373 incredibili
583 360 626 379 pro.

91 386 158 402 ventus
170 386 189 401 et
202 382 264 402 cultus
275 383 370 405 varietate,
390 382 413 402 de
426 382 525 402 hominum
538 383 625 407 ingeniis,

91 411 174 431 moribus
191 411 323 436 institutisque,
346 411 369 430 ad
381 411 463 436 primum
478 411 567 430 intuitum
584 414 626 431 toto

92 439 144 459 caelo
151 445 161 459 a
175 439 192 458 se
203 440 285 459 inuicem
296 439 449 462 abhorrentibus,
467 445 587 459 communem
600 443 627 459 m-

92 474 146 490 men,
161 467 175 487 fi
186 467 294 493 diligentius
302 468 443 493 contempleris,
462 472 556 490 naturam,
574 474 626 487 com-

92 502 169 516 munem
181 500 257 515 naturae
268 496 371 519 austorem,
385 502 465 521 eumque
477 497 579 521 optimum,
600 496 627 516 sa-

89 524 233 550 'pientiffimum
246 522 406 549 pullentissimum‚
419 525 549 549 arguentibus,
562 524 627 550 pauno

93 553 181 573 curiosius
187 553 283 572 tradidere.
312 552 392 572 Illorum
401 553 451 572 enim
462 554 544 572 virorum
556 553 625 575 labore.

91 581 185 607 periculo,
198 587 265 606 opera,
277 587 338 601 rerum
348 581 480 601 noscendarurn
491 587 567 607 campus
580 582 627 601 latis-

91 610 147 630 fimus
161 614 245 635 apertus.
267 610 338 635 angusti
348 610 475 635 philosophiae
486 610 555 633 studii„
571 610 627 635 quale

91 642 146 659 autea
161 642 209 661 erat,
225 638 282 661 fines,
305 642 324 658 vt
339 641 388 658 extra
400 639 441 658 anni
452 638 522 665 filisque
534 639 578 661 vias,
600 639 626 658 ita

92 667 140 687 vltra
153 668 231 692 exiguos
243 667 306 690 fundi,
323 673 362 692 quo
377 668 456 692 quisque
472 671 526 687 natus
541 671 560 687 et
576 667 624 687 altus

92 699 139 718 emt,
153 696 230 718 limites,
243 701 291 721 quos
301 695 376 715 eosdem
387 702 449 715 rerum
461 701 539 721 quoque
549 699 626 715 naturae

92 725 182 744 terminos
191 724 289 746 statuebat,
303 724 345 743 sunt
356 724 428 749 prolati.
464 724 529 749 Imque
540 724 626 744 liberiore

92 758 144 772 nunc
156 752 209 779 cursu
224 752 333 778 exspatiatur
348 759 401 772 ruens
413 752 503 775 humana,
524 759 559 772 nec
572 753 627 772 vnius

93 781 152 800 modo
161 781 200 800 luci
210 781 260 806 quasi
272 781 359 806 vestigio,
379 782 409 800 cui
423 781 529 803 insistimus,
548 782 628 800 circum-

92 810 153 834 scripti
168 810 295 834 prominemus
312 809 335 829 ad
350 809 476 835 prospicienda
492 815 551 834 pauca
565 810 626 829 vicina

93 839 166 863 iugera;
180 837 211 857 sed
218 838 303 864 immenso,
322 841 342 857 vt
353 840 408 863 poeta
418 839 455 860 ait,
468 838 560 864 spatiantes
571 839 625 862 vium

92 866 136 886 caelo
148 866 247 889 audemus,
269 867 291 886 ab
304 867 406 886 innumeris
426 867 486 892 prauis
503 867 624 891 opinionibus

92 895 167 920 purgati
178 901 200 914 ac
210 895 292 917 liberati,
308 900 356 920 quae
367 895 432 914 animis
444 895 546 914 insederant
558 899 577 914 et
586 898 624 914 tam

93 923 137 942 altas
146 923 216 942 radices
225 926 308 948 egerant,
322 927 343 942 vt
353 929 389 942 nec
399 923 468 942 summa
478 923 541 943 iudicii
554 923 625 942 subtili-

93 955 130 974 tas,
146 952 221 977 quaein
229 951 329 971 hominum
338 957 372 977 per
382 951 483 977 superiores
496 955 562 971 aetates
572 952 625 977 inge-

93 981 129 1000 niis
137 984 185 1003 erat,
197 986 233 999 nec
242 980 320 1000 reuelata
330 980 353 999 de
360 981 415 1000 rebus
424 980 492 1000 diuinis
500 980 624 1005 humanisque

92 1009 174 1028 doclrina
183 1008 206 1028 ad
214 1014 244 1028 eas
256 1008 362 1028 euellendas
375 1009 412 1028 vim
429 1009 515 1031 haberet,
531 1009 577 1034 quin
591 1014 625 1033 po-

91 1037 128 1056 tius
137 1043 167 1056 eas
179 1037 233 1056 altius
241 1037 327 1062 infigere,
341 1037 406 1056 laetius
417 1037 475 1060 alere,
497 1041 516 1056 et
528 1038 582 1056 nouis
596 1043 624 1056 er-

82 1070 156 1085 ,rorum
170 1065 246 1084 surculis
263 1065 376 1084 disseminare
390 1066 487 1085 videretur.
525 1065 624 1090 Postquam

82 1100 136 1113 ‚vero
144 1094 226 1113 melioris
235 1098 309 1113 naturae
317 1094 370 1113 studii
380 1094 412 1113 sax
424 1094 488 1116 semel,
502 1097 590 1119 tauquam
599 1094 616 1113 d«

90 1122 188 1147 sapientiae
197 1128 250 1144 arce,
268 1122 304 1141 suit
314 1122 396 1147 prolata3
414 1128 456 1141 eum
467 1122 580 1141 intellectum
595 1122 615 1141 sn

90 1153 160 1169 tantam
167 1151 291 1175 ingeniorum,
300 1157 374 1170 morum
384 1154 402 1170 et
409 1151 510 1170 studiorum
518 1151 611 1170 varietater

89 1179 111 1198 in
118 1184 186 1204 genere
193 1178 275 1199 humano
282 1185 322 1199 non
331 1180 392 1199 minus
403 1185 413 1198 a
422 1179 494 1199 summo
503 1180 542 1199 eius
550 1179 598 1198 auctr

411 1212 413 1214 ’
537 1213 539 1216 ⁴
588 1213 595 1226 ι
