2496 4936
156 675 206 749 5.o
542 663 826 723 εει-...εξ

268 843 384 925 Porro
410 845 571 922 occurrit
600 844 745 931 animo,
784 843 916 946 fiquis
940 868 1026 922 eum
1051 845 1218 923 intendat

156 962 275 1040 statim
296 960 413 1046 illud,
449 958 553 1059 quod
578 982 625 1035 ex
649 954 759 1035 Liuio
789 983 867 1036 non
892 959 1056 1036 constare
1071 975 1218 1061 poterat

155 1078 327 1156 Romanos
359 1079 426 1152 iam
465 1086 535 1150 tum
569 1084 784 1151 mercaturam
820 1078 1019 1152 maritimam
1044 1070 1218 1178 exercuiffc.

159 1212 365 1291 eorumque
390 1212 502 1265 naues
530 1183 671 1263 Africae
696 1186 820 1265 littora
843 1186 974 1265 adiiffe.
1033 1188 1113 1266 Nifi
1132 1190 1218 1268 fotu

63 1324 67 1328 ’
156 1307 196 1385 id
222 1320 302 1384 tum
338 1305 500 1403 primum
522 1326 543 1379 a
566 1299 743 1380 Romanis
769 1316 950 1380 tentatum
981 1300 1050 1380 effe
1079 1304 1218 1381 credet<

158 1421 331 1500 malimus
352 1423 407 1509 s).

274 1643 419 1738 Quod,
436 1639 632 1746 hostiamui
650 1641 754 1723 condi
778 1642 939 1723 Romani
969 1668 1018 1721 ne
1046 1643 1094 1720 de
1120 1644 1218 1727 cursu

158 1758 391 1841 defleiiereut
405 1759 450 1835 ad
470 1783 512 1834 ea
527 1757 668 1835 Africae
684 1758 787 1848 loca,
823 1759 1025 1835 verendum
1046 1771 1140 1835 erat:
1171 1784 1218 1837 re

158 1877 295 1977 spicere
313 1875 479 1971 inprimis
498 1872 640 1948 videtur
658 1868 847 1963 Etruscos,
874 1897 962 1950 cum
985 1874 1120 1973 quibus
1144 1897 1218 1973 per·

159 2007 271 2091 petua
286 1986 361 2063 iere
382 1985 478 2063 bella
496 1984 672 2062 Romanis
691 1999 809 2063 erant:
847 2001 886 2064 vt
904 1987 996 2064 adeo
1014 1989 1167 2062 nauium
1187 1989 1218 2062 ic

159 2107 251 2188 mari
272 2100 443 2178 occursus
467 2123 544 2174 non
561 2100 775 2199 infrequens
798 2101 893 2177 forte
916 2098 1011 2177 effer
1069 2098 1128 2177 Ad
1147 2125 1218 2177 rem

156 2220 292 2298 sacram
316 2215 464 2291 tandem
480 2214 682 2289 faciendam
709 2237 804 2314 quae
828 2213 1018 2291 neceiiaria
1041 2217 1117 2315 peti
1143 2212 1218 2314 poi

158 2334 259 2419 sent,
289 2329 391 2406 fuere
413 2329 579 2426 inprimis
604 2327 778 2404 vidimae.
838 2326 1076 2406 Obseruanda
1102 2345 1218 2407 auten

157 2448 210 2524 eii
231 2444 487 2522 Romanorum
505 2441 637 2540 religio
654 2464 696 2519 ac
718 2444 833 2541 pietas
856 2445 894 2517 in
922 2443 1092 2519 curandis
1118 2446 1218 2520 etiau

157 2585 226 2663 per
242 2558 488 2657 nauigationis
504 2557 641 2632 incerta
659 2555 763 2633 sacris
779 2580 822 2634 ac
844 2560 1088 2634 caerimoniis.

274 2773 322 2855 ΙΙ.
381 2772 497 2854 Porro
531 2799 625 2875 qnae
648 2775 870 2875 sequuntur,
915 2777 959 2854 ad
983 2802 1046 2855 eos
1070 2772 1218 2877 [pediam

160 2891 323 2993 putanda
345 2890 450 2981 sunt,
496 2893 562 2990 qui
586 2893 673 2967 citra
697 2887 998 2970 Pronronrorium
1023 2893 1105 2969 loca
1132 2891 1218 2968 adie·

163 3011 257 3099 rint,
284 3028 379 3108 quae
396 3005 567 3083 accedere
585 3005 771 3083 mercandi
792 3006 908 3084 caussa
935 3007 1039 3084 licet:
1078 3009 1117 3082 in
1149 3006 1218 3106 ipse

1157 3123 1218 3238 ilic

278 3329 356 3396 aurai
378 3329 434 3412 criu
448 3328 553 3406 μικοσῖν
561 3328 669 3413 Σύρτιν
683 3329 808 3399 τόπους,
831 3325 850 3389 οἳ
866 3328 902 3411 dri
917 3331 1056 3392 ruriaciam
1069 3329 1218 3411 Έμπόρια

279 3416 326 3476 dui
346 3415 401 3493 cair
420 3413 527 3494 αἱρετήν
548 3415 600 3484 τῆς
617 3414 729 3497 χώρας.
773 3415 816 3477 Ita
835 3415 1101 3490 interorinaendus
1126 3416 1215 3475 iorua

278 3500 359 3563 Male
373 3498 548 3576 accipiunt:
568 3518 645 3582 quae
656 3507 782 3581 propter
788 3496 846 3579 soii
860 3496 1022 3561 ubertatem
1035 3506 1142 3562 uocaui
1153 3497 1218 3561 Em

302 3583 379 3646 oria.
430 3581 527 3643 immo
552 3602 626 3645 Vero
642 3584 708 3645 ioca
725 3585 795 3655 iiia,
817 3582 962 3660 Emporia
979 3587 1075 3655 dicia,
1101 3583 1218 3644 noineu

277 3603 374 3729 βυθοὶ
385 3664 555 3727 aRomauia
569 3667 711 3746 cognosci
726 3677 849 3747 propter
860 3665 912 3727 soii
923 3669 1103 3730 ubertatem.
1122 3667 1218 3728 Pauli«

278 3762 350 3810 aute
372 3754 501 3826 maauaie
517 3755 617 3809 ravair
633 3772 670 3812 ex
690 3749 808 3831 Poiybii
824 3750 1078 3829 interpretatione
1094 3751 1218 3827 ponitur

281 3831 316 3894 in
340 3829 467 3892 foedere
492 3851 554 3892 nou
582 3833 619 3892 de
641 3833 759 3898 bellicis
786 3833 936 3908 nauibus,
972 3835 1020 3897 sed
1044 3834 1173 3896 omnino
1194 3836 1218 3896 d

280 3915 414 3994 nauigiia
435 3914 574 3977 uniuerso
592 3933 790 3981 memoratur.

230 4025 271 4107 r)
293 4025 467 4089 Admodum
488 4025 590 4089 ieiuna
611 4027 659 4090 vei
683 4027 722 4092 suc
737 4027 780 4091 est
795 4028 817 4092 i.
833 4029 880 4091 Fr.
900 4026 1051 4091 Gronouii
1067 4026 1218 4109 disputari

282 4111 350 4171 adv.
369 4107 493 4172 Salmas.
508 4112 543 4169 ad
566 4111 638 4174 caio.
659 4111 713 4177 lib.
728 4114 767 4175 de
788 4113 856 4175 Pec.
874 4124 935 4175 ret.
956 4131 985 4194 p.
1005 4123 1075 4190 583.
1092 4110 1119 4181 so
1168 4112 1218 4187 Qu

282 4191 465 4254 miraculum
488 4194 532 4256 rei
554 4195 672 4256 naualis
692 4197 773 4258 intra
792 4216 906 4271 paucos
930 4216 1027 4258 annor
1049 4194 1215 4257 constitura

282 4298 298 4337 a
315 4275 461 4339 Romania
484 4279 520 4338 ad
546 4279 727 4342 miraculum
740 4299 854 4362 augere
869 4278 1014 4354 voluere,
1035 4295 1108 4339 anre
1127 4284 1156 4340 r.
1175 4277 1218 4340 ru

283 4362 344 4422 uiri
364 4361 386 4421 1.
405 4369 541 4438 tempora
576 4363 733 4426 Romanoa
754 4364 884 4426 omuino
907 4385 923 4424 a
945 4382 979 4425 re
1009 4362 1160 4425 maritima
1183 4364 1218 4423 ah

281 4442 415 4508 stiuuiss'e
433 4445 595 4510 tradidere.
624 4445 740 4511 Sairem
755 4449 1001 4522 dicendumerar,
1024 4467 1042 4510 a
1059 4448 1218 4509 triremium

280 4528 395 4593 fabrica
409 4548 463 4592 eoa
480 4526 509 4590 se
522 4529 702 4596 cohibuisse.
824 4563 826 4567 v
