2586 5078
175 106 255 201 176
563 109 850 170 a

171 301 352 390 fecerant,
401 292 495 375 nihil
518 306 663 395 praeter
689 291 839 386 damna,
894 294 1016 377 clades
1046 321 1287 405 nouasque

171 415 342 504 iniurias,
372 433 419 489 ex
438 409 539 488 bello
555 421 801 510 reportarunt

254 632 333 718 Vix
348 637 499 717 recreati
515 658 603 736 pace
617 633 794 727 Achaei,
783 648 917 717 aterum
932 639 1083 721 infestos
1102 641 1226 724 habde-
1279 696 1280 708 ι

169 767 260 836 runt
282 752 447 842 Aetolos,
472 749 621 828 foedere
642 772 730 827 cum
753 749 932 830 Romanis
951 754 1023 833 ido
1040 758 1179 836 feroces
1194 771 1225 836 et

171 871 339 948 aduentu
365 864 623 946 Romanorum
645 877 684 941 et
709 865 823 943 Attali
858 869 954 966 regis
989 870 1117 949 elatos.
1149 869 1219 960 (Ol

172 978 329 1070 CXLII,
355 973 403 1082 2)
459 978 520 1056 Ab
549 978 660 1054 altera
686 994 788 1078 parte
804 979 1042 1061 Machanidas
1056 982 1224 1063 Lacedae·

169 1098 385 1174 monimum
408 1106 584 1193 tyrannus
603 1094 826 1171 imminebat
886 1093 988 1175 Inter
1002 1098 1094 1175 haec
1113 1097 1224 1178 PhiIo

169 1232 331 1311 poemen
347 1221 493 1307 praetor
506 1221 646 1282 creatus
662 1201 744 1302 (Ol.
761 1202 938 1297 CXLIII,
958 1237 993 1287 2.
1012 1235 1042 1288 a.
1059 1209 1102 1288 C.
1121 1211 1224 1311 207.)
1275 1288 1276 1291 .

168 1345 283 1422 remp.
308 1321 493 1399 labantem
516 1319 678 1396 restituit
737 1317 773 1397 Is
797 1346 874 1397 rem
897 1324 1093 1407 militarem
1112 1350 1228 1405 emen·
1277 1348 1281 1413 ζ

168 1437 257 1516 dare
284 1432 485 1536 aggreilus,
524 1433 646 1535 primo
666 1433 817 1533 quidem
833 1437 1008 1515 ordinum
1024 1453 1062 1517 et
1078 1460 1230 1518 armatu·
1287 1500 1288 1503 κ

168 1575 231 1630 rae
258 1551 344 1629 vitia
375 1549 553 1636 correxit,
594 1549 688 1646 (qua
711 1546 757 1624 de
783 1572 822 1626 re
844 1573 875 1625 v.
893 1547 1076 1629 Plutarch.
1093 1562 1131 1630 in
1152 1554 1231 1633 Phi·

168 1664 331 1766 lopoem.
350 1687 385 1766 p.
407 1668 496 1758 360.
516 1656 555 1738 E.
577 1657 677 1738 Paul.
698 1658 802 1751 VIII,
832 1668 915 1755 50.)
933 1664 1066 1745 luxum
1083 1668 1232 1747 delicias

167 1779 404 1878 sumtumque
431 1800 452 1854 a
477 1776 633 1851 vestibus
652 1775 859 1876 mensisque
875 1778 921 1855 ad
934 1802 1033 1857 arma
1049 1785 1235 1861 conuertit
1277 1796 1282 1817 ³

166 1890 325 1994 (Polyb.
337 1888 415 1981 XL
437 1912 473 1986 7.
493 1894 563 1980 8.),
581 1890 688 1965 urbes
704 1892 929 1981 circumluit,
956 1896 1098 1973 animos
1115 1894 1236 1976 firma.

164 2008 241 2096 vit,
280 2005 431 2082 dilestus
459 2006 553 2101 egit,
600 2002 686 2079 inde
714 2006 837 2103 copias
855 2005 1023 2085 aduersus
1041 2007 1238 2090 Machani-

165 2119 255 2197 dam
270 2118 396 2207 duxit
426 2138 586 2216 eumque
602 2118 688 2192 vrcrt
704 2117 749 2193 ad
763 2115 1002 2197 Mantineam
1062 2121 1236 2207 Tandem

168 2236 210 2313 in
225 2255 353 2333 pacem
370 2229 582 2309 consensum
598 2231 648 2308 est
661 2232 707 2308 ab
723 2234 897 2309 omnibus
913 2230 976 2313 01.
996 2231 1173 2328 CXLIII,
1193 2264 1232 2343 4.

167 2342 387 2446 Vm0549

252 2572 414 2653 Grauius
438 2572 630 2652 discrimen
653 2572 1058 2670 imminebatnehaeis,
1090 2579 1236 2671 bellua
1281 2678 1282 2682 .

166 2687 345 2771 Romanis
361 2685 621 2788 inPhilippum
635 2686 798 2787 suscepto
816 2685 887 2784 (V.
904 2691 944 2768 C.
967 2691 1088 2789 555.).
1132 2692 1233 2778 Cum

165 2802 370 2882 concilium
404 2801 617 2891 haberetur,
670 2800 802 2901 legatis
837 2815 875 2880 ct
906 2802 1162 2887 Romanorum
1194 2827 1234 2890 et

166 2913 328 3016 Philippi
347 2914 517 2994 Achaeos
539 2917 578 2993 in
599 2914 677 2993 suas
693 2929 811 3014 partes
832 2917 1078 3008 trahentibus,
1109 2922 1232 3004 altero

164 3030 245 3119 die,
285 3030 460 3129 potestate
486 3029 660 3107 suadendi
681 3025 980 3131 diffundendique
1003 3032 1110 3124 falla,
1154 3042 1233 3138 pri.

162 3167 271 3223 mum
286 3166 398 3220 nemo
415 3165 509 3243 quae
524 3144 671 3220 sentitet
685 3142 806 3221 dicere
820 3143 944 3234 ausus,
971 3170 1055 3224 cum
1075 3151 1235 3232 Aristae-

165 3281 237 3336 nus
260 3271 407 3357 praetor
431 3256 507 3356 ipse
533 3255 681 3335 tandem
708 3260 912 3336 orationem
931 3259 1127 3354 habuilset,
1161 3270 1233 3347 iarn

162 3400 233 3450 non
255 3372 379 3474 fingulr'
402 3382 548 3458 motum,
578 3371 640 3476 sed
651 3370 771 3472 populi
786 3376 924 3476 unumst
939 3377 1023 3453 inter
1034 3365 1074 3470 se
1090 3377 1233 3461 uitercu·

165 3484 304 3574 bantur,
339 3497 409 3562 tum
431 3492 515 3563 iuter
530 3491 738 3588 mugrjlrutur
748 3489 853 3584 gentis
868 3482 1079 3587 (damiurgos
1095 3507 1229 3587 uocant,

159 3599 267 3680 decem
289 3626 422 3677 numero
446 3602 617 3700 uruntur)
641 3612 798 3678 certamen
821 3600 923 3678 nihilo
937 3604 1086 3706 segnius,
1127 3634 1229 3708 quam

164 3718 248 3796 inter
273 3714 507 3798 multitudinem
530 3709 605 3815 effa:
649 3727 689 3791 vt
711 3714 825 3791 verbo
848 3716 1098 3811 absoluamus,
1138 3746 1228 3806 cum

160 3825 278 3910 essent
299 3849 347 3906 erc
368 3827 639 3908 aduersantibus
662 3829 730 3933 qui
750 3828 1014 3939 consurgerent
1037 3849 1075 3914 et
1101 3840 1229 3915 conci.

1130 3950 1229 4035 lium
