2496 4936
88 686 145 773 aa
477 704 797 762 Ε-

91 887 266 990 quentia‚
305 887 435 969 fauore
459 912 501 967 ac
528 889 667 979 studio,
704 887 888 981 ornanda,
930 886 1090 970 Illustre's
1114 912 1158 967 ac

93 999 362 1084 Generoirllrmi
378 1003 554 1093 quenes,
581 1020 618 1080 et
632 1017 821 1102 quotquot
839 1005 944 1083 vobis
962 1005 1026 1104 ipli
1043 1005 1156 1081 vellra

93 1116 229 1193 uirtute
246 1141 289 1194 ac
304 1117 467 1195 doilrina
483 1117 715 1195 nobilitatem
734 1116 893 1208 facietis,
922 1114 1033 1196 Ciues
1049 1133 1158 1196 orna·

91 1225 234 1332 tiffimi,
260 1243 319 1321 vt,
349 1232 376 1309 st
403 1234 484 1332 quis
514 1231 813 1321 beneuolentiae,
853 1235 987 1309 amoris
1012 1257 1054 1311 ac
1080 1235 1158 1333 pie-

93 1344 178 1419 tatis
201 1344 320 1422 sensus
343 1349 473 1424 animis
505 1346 628 1421 vestris
657 1344 806 1435 infidet,
852 1349 1080 1424 conueniatis
1113 1368 1157 1423 ac

95 1456 305 1547 eonlluatis:
343 1483 421 1537 non
451 1474 523 1536 tam
549 1459 690 1545 nostro,
739 1482 848 1559 quam
874 1450 1006 1537 almae?
1023 1460 1156 1536 vestrae

92 1565 277 1660 Parentis,
307 1572 490 1674 Georgiae
513 1572 694 1672 Augustae
714 1576 885 1663 nornine,
914 1598 1007 1673 quae
1027 1598 1047 1649 a
1065 1573 1158 1648 libe·

95 1683 232 1771 rissuis
254 1685 327 1764 hoc
349 1687 504 1765 honoris
530 1711 671 1786 genus,
709 1686 784 1764 hoc
813 1689 1023 1764 nutritionis
1055 1710 1159 1786 prae·

94 1800 233 1886 mium,
259 1802 448 1902 expellare
463 1800 536 1903 ipsa
553 1801 714 1891 videtur,
744 1817 894 1902 rogatos
911 1825 977 1878 ros
995 1798 1064 1878 elle
1080 1800 1159 1877 cxi·

91 1906 282 1990 stimatotc.

210 2128 373 2224 Interea,
412 2129 500 2211 dum
523 2130 746 2210 sollennium
771 2131 1019 2210 curandorum
1049 2157 1160 2233 appa·

97 2258 195 2322 ratus
214 2244 295 2336 fiet,
321 2273 368 2323 ne
387 2247 459 2323 vlla
474 2247 565 2324 hora
581 2269 691 2323 vacua
711 2245 752 2321 srt
767 2247 812 2323 ab
837 2242 949 2324 officii
973 2247 1161 2325 honestate

99 2372 138 2434 et
160 2383 180 2434 a
203 2360 309 2437 studii
335 2362 506 2450 utilitate,
543 2363 660 2460 agite,
695 2356 825 2449 Ciues,
863 2360 1159 2461 disputationem.

99 2495 220 2572 nuper
241 2473 395 2551 sumtam
417 2474 489 2567 b),
516 2490 553 2550 et
574 2498 686 2550 manu
711 2471 908 2561 dlmillam,
946 2476 1080 2575 iterum
1103 2500 1161 2551 re·

99 2602 277 2687 petamus.
338 2588 547 2666 Substiterat
562 2601 684 2664 autem
705 2610 817 2686 opera
836 2588 954 2664 nostra
972 2591 1010 2664 in
1027 2613 1093 2678 eo,
1121 2602 1162 2665 vt

101 2700 148 2777 ad
172 2698 345 2780 Graeciae
379 2716 511 2779 aetates
542 2703 767 2801 antiquiores
787 2702 1069 2779 transferrentur
1105 2725 1159 2790 ea,

102 2838 196 2915 quae
213 2815 332 2891 adhuc
356 2814 519 2892 uniuerse
537 2816 582 2891 de
599 2816 750 2891 rudibus
767 2838 808 2890 ac
826 2818 887 2890 vix
909 2816 1088 2891 inchoatis
1105 2839 1161 2890 re·

99 2923 303 3028 ligionibus
331 2929 542 3007 filuestrium
576 2945 612 3005 et
642 2931 894 3027 campellrium
933 2929 1161 3028 populorum

101 3044 150 3120 ita
167 3059 268 3120 erant
285 3040 394 3132 ditia,
429 3058 468 3119 vt
482 3044 653 3120 liberatos
672 3067 691 3118 a
710 3044 837 3118 nostris
855 3044 1094 3142 opinionibus
1117 3066 1161 3121 ac

100 3145 317 3235 notionibus
338 3161 480 3233 animos
499 3158 733 3233 indueremus
752 3180 792 3232 ea
809 3159 1032 3255 cogitatione
1050 3181 1091 3232 ac
1107 3181 1164 3234 ra-

100 3274 225 3368 tione,
267 3295 375 3370 quum
402 3273 580 3360 illenim,
618 3271 803 3372 illaaetas
838 3271 1003 3369 postulat
1064 3268 1163 3348 Cum

101 3385 145 3461 iis
164 3386 296 3484 igitur,
334 3409 445 3485 quae,
483 3409 529 3460 ex
552 3383 623 3482 ipsa
652 3377 772 3460 rerum
805 3383 1074 3483 hominumque
1098 3407 1162 3458 na-

102 3510 182 3574 tura
202 3498 325 3586 duola,
351 3501 493 3575 anobis
522 3512 804 3575 commemorata
831 3512 951 3584 erant,
984 3500 1163 3574 conuenit

101 3611 161 3699 id,
203 3616 302 3713 quod
338 3615 430 3691 l'amn
460 3627 676 3711 acceperant
707 3609 855 3699 Graeci,
902 3607 1162 3710 Herodotique

102 3726 269 3824 inprimis
286 3726 476 3803 autloritas
494 3724 724 3822 firmauitr)‚
765 3748 851 3801 cum
875 3725 994 3823 primo
1018 3720 1163 3822 Pelasgi

103 3838 192 3935 deos
215 3840 391 3915 haberent
410 3841 553 3929 nullos,
584 3839 706 3938 postea
723 3861 786 3914 eos
803 3835 960 3914 habuiile
978 3839 1067 3914 deos
1088 3837 1163 3914 sme

104 3954 328 4029 nominibus.
396 3951 492 4030 Cum
516 3958 615 4029 enim
639 3950 808 4029 homines
830 3953 992 4051 palantes
1018 3975 1060 4028 ac
1086 3950 1163 4029 stne

103 4081 200 4167 certa
224 4067 306 4160 sede
330 4085 521 4166 vagantes,
560 4092 597 4142 re
626 4067 698 4164 ipsa
721 4067 881 4154 ferente,
921 4090 985 4164 per
1007 4065 1142 4142 familia

102 4183 261 4257 coirent:
292 4182 489 4281 religiones
506 4181 571 4257 fibi
588 4204 755 4280 quaeque
772 4180 849 4255 suas
865 4180 1062 4268 constituit,
1081 4177 1143 4255 rud

1032 4293 1132 4392 aliqu

161 4424 203 4509 b)
226 4429 343 4492 Pr'olus.
363 4427 400 4491 ad
421 4443 456 4496 ιι
473 4423 531 4490 lul.
550 4424 581 4487 h.
598 4445 626 4487 ι.

159 4547 198 4620 t)
218 4541 272 4606 lib.
288 4541 335 4616 ll,
352 4557 421 4620 520
