2496 4936
140 734 191 813 18
493 737 814 798 x''¹¹''------'''-'-¹-'-¹

135 919 214 1016 bis3
243 931 346 997 metu
365 941 454 997 vero
469 917 557 1010 illo,
577 922 643 1021 qui
660 921 844 1023 superiore
861 946 980 1013 anno,
998 947 1085 1003 cunr
1100 924 1203 1008 hunc

135 1034 235 1110 diem
249 1033 527 1125 celebraremus,
549 1038 694 1114 animos
710 1037 851 1114 nostros
866 1061 945 1115 non
959 1062 1091 1138 parum
1104 1041 1204 1118 lolli-

134 1151 230 1228 citos
247 1148 418 1237 haberet,
457 1172 505 1226 ne
530 1148 620 1225 belli
639 1150 758 1228 ciuilis
773 1175 840 1251 per
855 1150 1092 1230 Germaniam
1107 1155 1203 1255 spar-

135 1278 285 1365 geretur
310 1264 419 1340 latius
446 1263 661 1338 incendium
685 1262 897 1365 finibusque
911 1265 1112 1365 aliquando
1133 1292 1203 1347 no·

135 1381 215 1457 stris
241 1379 417 1476 contagio
435 1377 562 1477 aliquo
580 1376 867 1468 adhaeresceret,
902 1379 1067 1476 sublato;
1091 1384 1202 1460 itaut

136 1518 239 1572 nune
270 1491 419 1592 superfit
450 1514 567 1567 vnum
594 1489 690 1567 illud
722 1504 899 1569 votorum
923 1517 1060 1592 genus,
1096 1497 1201 1597 quod

134 1633 205 1710 pro
230 1605 437 1686 Occidente
456 1604 623 1705 pacando
646 1605 815 1682 iacimus:
849 1608 952 1705 qnod
976 1621 1097 1684 tamen
1121 1635 1201 1688 non

130 1720 312 1800 'remissius
344 1733 408 1796 aut
443 1719 608 1819 segnius,
653 1719 714 1795 sed
746 1743 792 1796 eo
821 1721 1007 1797 ardentius
1031 1723 1198 1814 facimus,

135 1861 214 1940 qno
232 1836 367 1931 magis,
394 1856 479 1909 cum
493 1832 728 1908 humanitatis
748 1838 1032 1934 communisque
1050 1851 1199 1915 naturae
1244 1936 1246 1944 λ

134 1975 178 2028 ac
195 1946 463 2030 necessitudinis
480 1943 613 2036 caussa,
642 1960 724 2024 tum
737 1943 851 2045 Regis
868 1949 981 2024 nostri
996 1947 1200 2050 Indulgen-
1242 1945 1247 1988 ³*

134 2062 257 2142 tiffimi
280 2062 415 2161 gratia,
449 2083 561 2160 quem
584 2063 688 2137 omni
711 2060 955 2161 prosperitatis
978 2086 1113 2161 genere
1135 2089 1198 2142 cu·

136 2178 321 2257 mulatum
350 2178 489 2251 vtinam
525 2173 752 2262 videremus,
791 2189 878 2251 vota
900 2199 943 2251 ea
970 2175 1194 2278 suscipimus,

133 2313 340 2396 pacemque
370 2312 414 2366 ac
436 2287 738 2387 tranquillitatem
761 2300 938 2365 terrarum
957 2293 1038 2367 orbi
1053 2296 1198 2390 generi·

131 2429 206 2509 que
238 2405 403 2482 humano
426 2403 624 2510 restitutam
652 2404 831 2502 cupimus.
897 2400 1041 2480 Interea
1068 2430 1109 2482 ea
1132 2406 1199 2482 sal·

129 2536 209 2599 tem
231 2520 396 2596 fruamur
418 2515 611 2605 felicitate,
640 2539 735 2615 quae
749 2515 879 2594 diuino
902 2517 1028 2617 aliquo
1044 2543 1197 2598 munere

131 2650 176 2713 ae
202 2630 383 2711 beneficio
407 2630 516 2707 nobis
539 2632 715 2729 contigit,
753 2643 790 2704 et
810 2630 941 2707 oculos
958 2636 1198 2733 animumque

132 2764 341 2827 recreemus
376 2743 543 2843 adspesiu
579 2757 617 2819 et
651 2744 875 2842 cogitatione
897 2746 1026 2821 laetius
1052 2749 1092 2822 in
1118 2749 1195 2847 dies

126 2860 389 2940 efflorescentia
416 2860 468 2933 rei
492 2857 716 2934 academicae
740 2859 892 2934 nostrae.
961 2858 1077 2953 Quod
1096 2863 1196 2938 enirn

130 2990 195 3055 aut
219 2976 405 3051 bonorum
423 2988 486 3048 ant
500 2986 805 3048 ornamentorum
822 2996 962 3071 genus,
992 2976 1093 3073 quod
1112 2978 1198 3076 qui.

131 3092 217 3168 dem
247 3102 310 3164 ant
332 3086 507 3163 traditum
526 3088 633 3161 nobis
650 3083 698 3183 fit
715 3086 760 3162 ab
783 3088 845 3175 iis,
877 3088 1012 3185 quibus
1034 3112 1102 3165 nos
1117 3088 1195 3166 suc·

131 3201 320 3290 ceffimus,
357 3215 420 3277 aut
445 3201 564 3276 nostra
586 3202 720 3275 virtute
744 3213 907 3298 partum,
936 3217 1000 3277 aut
1015 3202 1140 3280 labore
1156 3217 1194 3280 et

111 3317 304 3396 ‘industria
331 3312 554 3412 quaesitum,
598 3313 672 3390 dici
697 3314 834 3412 potest,
871 3314 975 3412 quod
997 3339 1076 3392 non
1099 3314 1193 3393 in'te-

129 3454 239 3532 grum
260 3442 298 3505 et
312 3428 493 3504 illibatum
514 3427 573 3517 fit,
604 3426 720 3506 multa
735 3427 842 3504 etiam
860 3425 928 3502 smt
944 3429 1042 3505 anila
1060 3434 1195 3529 magis-

130 3568 205 3645 que
230 3540 441 3620 cumulata?
480 3541 563 3618 Nec
587 3563 677 3616 vero
701 3554 741 3615 vt
765 3564 822 3616 res
846 3540 984 3618 noslras
999 3543 1193 3622 laudemus

126 3682 170 3734 ac
185 3655 509 3742 commendemus,
536 3654 627 3730 haec
645 3676 995 3746 commemoramus,
1020 3658 1193 3735 sedcom-

128 3769 373 3848 memorando
389 3782 427 3844 vt
445 3768 536 3844 illud
555 3764 774 3859 efficiamus,
803 3784 842 3843 vt
860 3785 1049 3870 appareat,
1076 3796 1192 3872 quan·

126 3899 206 3963 tum
230 3882 403 3982 singulari
428 3881 537 3957 alicui
563 3881 842 3959 beneuolentiae
865 3887 1027 3960 numinis
1044 3899 1081 3962 et
1096 3899 1191 3962 tute.

124 3999 182 4074 lae
209 3998 419 4075 debeamus.
477 3995 561 4072 Siue
585 3998 684 4077 enim
708 3997 923 4085 interiorem
941 4000 1082 4075 nostrae
1098 4003 1187 4101 reip.

124 4113 313 4199 habitum,
362 4110 422 4186 l'eu
455 4124 643 4208 externam
674 4109 851 4209 speciem,
900 4110 1117 4208 dignitatem
1150 4127 1185 4191 et

124 4227 279 4314 samam,
317 4223 629 4322 contemplemur:
657 4238 858 4300 occurrunt
881 4225 1062 4324 undique,
1092 4251 1157 4327 qur

124 4356 264 4439 gratam
296 4361 381 4436 erga
415 4360 553 4414 numen
580 4339 752 4437 pietatem
780 4338 997 4427 incendant,
1050 4354 1088 4416 et
1111 4340 1146 4416 di

120 4453 232 4532 huius
256 4466 466 4556 prouocent
490 4450 720 4533 hilaritatem.
770 4448 888 4544 ,Quid
915 4451 1040 4530 enimi
1074 4453 1146 4645 {lessi

502 4593 508 4602 ·
1105 4591 1146 4651 rer
