<?xml version="1.0" encoding="UTF-8"?>
<!DOCTYPE html PUBLIC "-//W3C//DTD XHTML 1.0 Transitional//EN"
    "http://www.w3.org/TR/xhtml1/DTD/xhtml1-transitional.dtd">
<html xmlns="http://www.w3.org/1999/xhtml" xml:lang="en" lang="en">
 <head>
  <title>
</title>
<meta http-equiv="Content-Type" content="text/html;charset=utf-8" />
  <meta name='ocr-system' content='tesseract 3.04.00' />
  <meta name='ocr-capabilities' content='ocr_page ocr_carea ocr_par ocr_line ocrx_word'/>
</head>
<body>
  <div class='ocr_page' id='page_1' title='image "./chrgheyniiprofe00heyngoog_0119.png"; bbox 0 0 2580 4996; ppageno 0'>
   <div class='ocr_carea' id='block_1_1' title="bbox 152 685 842 782">
    <p class='ocr_par' dir='ltr' id='par_1_1' title="bbox 152 685 842 782">
     <span class='ocr_line' id='line_1_1' title="bbox 152 685 842 782; baseline -0.004 -32"><span class='ocrx_word' id='word_1_1' title='bbox 152 701 232 782; x_wconf 82' lang='lat'>104</span> <span class='ocrx_word' id='word_1_2' title='bbox 539 685 842 749; x_wconf 42' lang='grc' dir='ltr'>β’</span> 
     </span>
    </p>
   </div>
   <div class='ocr_carea' id='block_1_2' title="bbox 148 866 1235 2348">
    <p class='ocr_par' dir='ltr' id='par_1_2' title="bbox 148 866 1235 2348">
     <span class='ocr_line' id='line_1_2' title="bbox 149 866 1221 979; baseline -0.005 -17"><span class='ocrx_word' id='word_1_3' title='bbox 149 904 250 962; x_wconf 87' lang='lat' dir='ltr'>mam</span> <span class='ocrx_word' id='word_1_4' title='bbox 263 880 430 979; x_wconf 79' lang='lat' dir='ltr'>igneam,</span> <span class='ocrx_word' id='word_1_5' title='bbox 458 899 553 978; x_wconf 89' lang='lat' dir='ltr'>quae</span> <span class='ocrx_word' id='word_1_6' title='bbox 571 875 734 957; x_wconf 81' lang='lat' dir='ltr'>crassiore</span> <span class='ocrx_word' id='word_1_7' title='bbox 748 878 897 955; x_wconf 84' lang='lat' dir='ltr'>materia</span> <span class='ocrx_word' id='word_1_8' title='bbox 911 874 1028 955; x_wconf 78' lang='lat' dir='ltr'>soluta</span> <span class='ocrx_word' id='word_1_9' title='bbox 1045 876 1084 954; x_wconf 93' lang='lat' dir='ltr'>in</span> <span class='ocrx_word' id='word_1_10' title='bbox 1100 866 1221 957; x_wconf 85' lang='lat' dir='ltr'>altum</span> 
     </span>
     <span class='ocr_line' id='line_1_3' title="bbox 148 992 1234 1094; baseline -0.005 -21"><span class='ocrx_word' id='word_1_11' title='bbox 148 994 296 1084; x_wconf 81' lang='lat' dir='ltr'>euolat,</span> <span class='ocrx_word' id='word_1_12' title='bbox 333 1016 494 1094; x_wconf 89' lang='lat' dir='ltr'>eumque</span> <span class='ocrx_word' id='word_1_13' title='bbox 519 992 612 1071; x_wconf 87' lang='lat' dir='ltr'>adeo</span> <span class='ocrx_word' id='word_1_14' title='bbox 644 992 829 1070; x_wconf 82' lang='lat' dir='ltr'>aetherem</span> <span class='ocrx_word' id='word_1_15' title='bbox 859 993 1078 1069; x_wconf 87' lang='lat' dir='ltr'>constituere</span> <span class='ocrx_word' id='word_1_16' title='bbox 1104 993 1234 1069; x_wconf 86' lang='lat' dir='ltr'>videri</span> 
     </span>
     <span class='ocr_line' id='line_1_4' title="bbox 152 1104 1222 1207; baseline -0.004 -20"><span class='ocrx_word' id='word_1_17' title='bbox 152 1109 283 1198; x_wconf 88' lang='lat' dir='ltr'>debet,</span> <span class='ocrx_word' id='word_1_18' title='bbox 313 1109 379 1207; x_wconf 91' lang='lat' dir='ltr'>qui</span> <span class='ocrx_word' id='word_1_19' title='bbox 395 1127 465 1183; x_wconf 90' lang='lat' dir='ltr'>nos</span> <span class='ocrx_word' id='word_1_20' title='bbox 481 1109 606 1184; x_wconf 87' lang='lat' dir='ltr'>ambit.</span> <span class='ocrx_word' id='word_1_21' title='bbox 660 1104 756 1183; x_wconf 89' lang='lat' dir='ltr'>Cum</span> <span class='ocrx_word' id='word_1_22' title='bbox 773 1129 887 1207; x_wconf 90' lang='lat' dir='ltr'>porro</span> <span class='ocrx_word' id='word_1_23' title='bbox 902 1108 1052 1183; x_wconf 90' lang='lat' dir='ltr'>materia</span> <span class='ocrx_word' id='word_1_24' title='bbox 1067 1105 1129 1182; x_wconf 92' lang='lat' dir='ltr'>illa</span> <span class='ocrx_word' id='word_1_25' title='bbox 1143 1108 1222 1183; x_wconf 86' lang='lat' dir='ltr'>ani·</span> 
     </span>
     <span class='ocr_line' id='line_1_5' title="bbox 151 1220 1224 1322; baseline -0.002 -23"><span class='ocrx_word' id='word_1_26' title='bbox 151 1246 252 1300; x_wconf 90' lang='lat' dir='ltr'>mam</span> <span class='ocrx_word' id='word_1_27' title='bbox 277 1221 491 1311; x_wconf 82' lang='lat' dir='ltr'>constituat,</span> <span class='ocrx_word' id='word_1_28' title='bbox 531 1220 699 1322; x_wconf 88' lang='lat' dir='ltr'>adeoque</span> <span class='ocrx_word' id='word_1_29' title='bbox 730 1234 892 1298; x_wconf 88' lang='lat' dir='ltr'>mentem</span> <span class='ocrx_word' id='word_1_30' title='bbox 922 1233 960 1296; x_wconf 88' lang='lat' dir='ltr'>et</span> <span class='ocrx_word' id='word_1_31' title='bbox 985 1220 1146 1297; x_wconf 88' lang='lat' dir='ltr'>sensum:</span> <span class='ocrx_word' id='word_1_32' title='bbox 1185 1231 1224 1297; x_wconf 90' lang='lat' dir='ltr'>et</span> 
     </span>
     <span class='ocr_line' id='line_1_6' title="bbox 155 1331 1222 1442; baseline -0.003 -29"><span class='ocrx_word' id='word_1_33' title='bbox 155 1336 266 1442; x_wconf 81' lang='lat' dir='ltr'>ipsam</span> <span class='ocrx_word' id='word_1_34' title='bbox 283 1336 417 1413; x_wconf 87' lang='lat' dir='ltr'>habere</span> <span class='ocrx_word' id='word_1_35' title='bbox 431 1353 596 1414; x_wconf 89' lang='lat' dir='ltr'>mentem</span> <span class='ocrx_word' id='word_1_36' title='bbox 609 1350 647 1411; x_wconf 91' lang='lat' dir='ltr'>et</span> <span class='ocrx_word' id='word_1_37' title='bbox 661 1332 801 1411; x_wconf 85' lang='lat' dir='ltr'>sensum</span> <span class='ocrx_word' id='word_1_38' title='bbox 816 1331 956 1410; x_wconf 89' lang='lat' dir='ltr'>necesse</span> <span class='ocrx_word' id='word_1_39' title='bbox 972 1336 1021 1410; x_wconf 88' lang='lat' dir='ltr'>est</span> <span class='ocrx_word' id='word_1_40' title='bbox 1038 1332 1094 1432; x_wconf 84' lang='lat' dir='ltr'>o).</span> <span class='ocrx_word' id='word_1_41' title='bbox 1128 1332 1222 1426; x_wconf 88' lang='lat' dir='ltr'>Quo</span> 
     </span>
     <span class='ocr_line' id='line_1_7' title="bbox 155 1447 1235 1554; baseline -0.002 -27"><span class='ocrx_word' id='word_1_42' title='bbox 155 1451 234 1551; x_wconf 93' lang='lat' dir='ltr'>ipso</span> <span class='ocrx_word' id='word_1_43' title='bbox 261 1449 321 1538; x_wconf 86' lang='lat' dir='ltr'>fit,</span> <span class='ocrx_word' id='word_1_44' title='bbox 358 1464 399 1525; x_wconf 91' lang='lat' dir='ltr'>vt</span> <span class='ocrx_word' id='word_1_45' title='bbox 417 1464 546 1526; x_wconf 83' lang='lat' dir='ltr'>nutura</span> <span class='ocrx_word' id='word_1_46' title='bbox 566 1472 718 1548; x_wconf 89' lang='lat' dir='ltr'>quoque</span> <span class='ocrx_word' id='word_1_47' title='bbox 737 1448 861 1525; x_wconf 91' lang='lat' dir='ltr'>diuina</span> <span class='ocrx_word' id='word_1_48' title='bbox 878 1447 924 1525; x_wconf 88' lang='lat' dir='ltr'>ad</span> <span class='ocrx_word' id='word_1_49' title='bbox 941 1449 1096 1525; x_wconf 85' lang='lat' dir='ltr'>eandem</span> <span class='ocrx_word' id='word_1_50' title='bbox 1117 1447 1235 1554; x_wconf 63' lang='lat' dir='ltr'>illam²</span> 
     </span>
     <span class='ocr_line' id='line_1_8' title="bbox 153 1560 1223 1661; baseline -0.005 -18"><span class='ocrx_word' id='word_1_51' title='bbox 153 1565 344 1643; x_wconf 85' lang='lat' dir='ltr'>materiam</span> <span class='ocrx_word' id='word_1_52' title='bbox 361 1564 506 1661; x_wconf 86' lang='lat' dir='ltr'>igneam</span> <span class='ocrx_word' id='word_1_53' title='bbox 524 1560 785 1640; x_wconf 80' lang='lat' dir='ltr'>subtilissimam</span> <span class='ocrx_word' id='word_1_54' title='bbox 801 1561 989 1639; x_wconf 87' lang='lat' dir='ltr'>reserenda</span> <span class='ocrx_word' id='word_1_55' title='bbox 1008 1561 1058 1638; x_wconf 90' lang='lat' dir='ltr'>srt.</span> <span class='ocrx_word' id='word_1_56' title='bbox 1104 1561 1223 1653; x_wconf 91' lang='lat' dir='ltr'>Quod</span> 
     </span>
     <span class='ocr_line' id='line_1_9' title="bbox 156 1674 1225 1775; baseline -0.005 -21"><span class='ocrx_word' id='word_1_57' title='bbox 156 1676 344 1754; x_wconf 78' lang='lat' dir='ltr'>franiman</span> <span class='ocrx_word' id='word_1_58' title='bbox 368 1698 470 1752; x_wconf 92' lang='lat' dir='ltr'>nunc</span> <span class='ocrx_word' id='word_1_59' title='bbox 495 1677 540 1752; x_wconf 92' lang='lat' dir='ltr'>ab</span> <span class='ocrx_word' id='word_1_60' title='bbox 566 1678 702 1775; x_wconf 85' lang='lat' dir='ltr'>igneis,</span> <span class='ocrx_word' id='word_1_61' title='bbox 730 1674 816 1751; x_wconf 89' lang='lat' dir='ltr'>alias</span> <span class='ocrx_word' id='word_1_62' title='bbox 838 1677 883 1751; x_wconf 89' lang='lat' dir='ltr'>ab</span> <span class='ocrx_word' id='word_1_63' title='bbox 900 1675 1061 1752; x_wconf 85' lang='lat' dir='ltr'>humidis</span> <span class='ocrx_word' id='word_1_64' title='bbox 1077 1674 1225 1752; x_wconf 86' lang='lat' dir='ltr'>exhala-</span> 
     </span>
     <span class='ocr_line' id='line_1_10' title="bbox 157 1785 1226 1869; baseline -0.003 -2"><span class='ocrx_word' id='word_1_65' title='bbox 157 1792 323 1867; x_wconf 87' lang='lat' dir='ltr'>tionibus</span> <span class='ocrx_word' id='word_1_66' title='bbox 344 1789 447 1867; x_wconf 85' lang='lat' dir='ltr'>ducit</span> <span class='ocrx_word' id='word_1_67' title='bbox 462 1785 686 1869; x_wconf 84' lang='lat' dir='ltr'>Heraclitus:</span> <span class='ocrx_word' id='word_1_68' title='bbox 716 1812 794 1866; x_wconf 93' lang='lat' dir='ltr'>non</span> <span class='ocrx_word' id='word_1_69' title='bbox 814 1800 887 1866; x_wconf 90' lang='lat' dir='ltr'>tam</span> <span class='ocrx_word' id='word_1_70' title='bbox 903 1791 1142 1868; x_wconf 85' lang='lat' dir='ltr'>inconstantia</span> <span class='ocrx_word' id='word_1_71' title='bbox 1159 1789 1226 1864; x_wconf 90' lang='lat' dir='ltr'>ali-</span> 
     </span>
     <span class='ocr_line' id='line_1_11' title="bbox 158 1902 1225 2004; baseline 0 -25"><span class='ocrx_word' id='word_1_72' title='bbox 158 1927 232 2004; x_wconf 91' lang='lat' dir='ltr'>qua</span> <span class='ocrx_word' id='word_1_73' title='bbox 250 1904 339 1981; x_wconf 89' lang='lat' dir='ltr'>haec</span> <span class='ocrx_word' id='word_1_74' title='bbox 359 1902 485 1980; x_wconf 81' lang='lat' dir='ltr'>dixisse</span> <span class='ocrx_word' id='word_1_75' title='bbox 501 1903 617 1981; x_wconf 85' lang='lat' dir='ltr'>videri</span> <span class='ocrx_word' id='word_1_76' title='bbox 633 1905 760 1989; x_wconf 87' lang='lat' dir='ltr'>debet,</span> <span class='ocrx_word' id='word_1_77' title='bbox 791 1926 902 2003; x_wconf 88' lang='lat' dir='ltr'>quam</span> <span class='ocrx_word' id='word_1_78' title='bbox 919 1927 961 1979; x_wconf 87' lang='lat' dir='ltr'>ea</span> <span class='ocrx_word' id='word_1_79' title='bbox 978 1904 1129 1989; x_wconf 85' lang='lat' dir='ltr'>ratione,</span> <span class='ocrx_word' id='word_1_80' title='bbox 1151 1926 1225 2001; x_wconf 91' lang='lat' dir='ltr'>qua</span> 
     </span>
     <span class='ocr_line' id='line_1_12' title="bbox 159 2016 1227 2117; baseline -0.001 -23"><span class='ocrx_word' id='word_1_81' title='bbox 159 2029 198 2094; x_wconf 84' lang='lat' dir='ltr'>et</span> <span class='ocrx_word' id='word_1_82' title='bbox 212 2017 327 2095; x_wconf 86' lang='lat' dir='ltr'>Stoici</span> <span class='ocrx_word' id='word_1_83' title='bbox 341 2019 495 2117; x_wconf 89' lang='lat' dir='ltr'>igneum</span> <span class='ocrx_word' id='word_1_84' title='bbox 509 2040 683 2117; x_wconf 81' lang='lat' dir='ltr'>vaporem</span> <span class='ocrx_word' id='word_1_85' title='bbox 702 2016 817 2094; x_wconf 90' lang='lat' dir='ltr'>modo</span> <span class='ocrx_word' id='word_1_86' title='bbox 831 2020 958 2116; x_wconf 87' lang='lat' dir='ltr'>ignem</span> <span class='ocrx_word' id='word_1_87' title='bbox 971 2016 1086 2094; x_wconf 90' lang='lat' dir='ltr'>modo</span> <span class='ocrx_word' id='word_1_88' title='bbox 1103 2017 1227 2093; x_wconf 85' lang='lat' dir='ltr'>humi·</span> 
     </span>
     <span class='ocr_line' id='line_1_13' title="bbox 160 2129 1228 2231; baseline -0.002 -24"><span class='ocrx_word' id='word_1_89' title='bbox 160 2130 252 2209; x_wconf 91' lang='lat' dir='ltr'>dum</span> <span class='ocrx_word' id='word_1_90' title='bbox 267 2131 455 2231; x_wconf 87' lang='lat' dir='ltr'>appellant</span> <span class='ocrx_word' id='word_1_91' title='bbox 462 2156 474 2226; x_wconf 82' lang='lat'>3</span> <span class='ocrx_word' id='word_1_92' title='bbox 503 2133 692 2231; x_wconf 88' lang='lat' dir='ltr'>colligitur</span> <span class='ocrx_word' id='word_1_93' title='bbox 707 2133 805 2208; x_wconf 89' lang='lat' dir='ltr'>enim</span> <span class='ocrx_word' id='word_1_94' title='bbox 819 2132 916 2231; x_wconf 91' lang='lat' dir='ltr'>ignis</span> <span class='ocrx_word' id='word_1_95' title='bbox 934 2154 982 2207; x_wconf 86' lang='lat' dir='ltr'>ex</span> <span class='ocrx_word' id='word_1_96' title='bbox 996 2129 1127 2208; x_wconf 89' lang='lat' dir='ltr'>iisdem</span> <span class='ocrx_word' id='word_1_97' title='bbox 1144 2153 1228 2208; x_wconf 89' lang='lat' dir='ltr'>cor·</span> 
     </span>
     <span class='ocr_line' id='line_1_14' title="bbox 158 2243 977 2348; baseline -0.002 -26"><span class='ocrx_word' id='word_1_98' title='bbox 158 2247 313 2345; x_wconf 82' lang='lat' dir='ltr'>poribus</span> <span class='ocrx_word' id='word_1_99' title='bbox 332 2243 494 2322; x_wconf 88' lang='lat' dir='ltr'>humidis</span> <span class='ocrx_word' id='word_1_100' title='bbox 516 2258 691 2348; x_wconf 88' lang='lat' dir='ltr'>tanquam</span> <span class='ocrx_word' id='word_1_101' title='bbox 709 2269 774 2345; x_wconf 86' lang='lat' dir='ltr'>per</span> <span class='ocrx_word' id='word_1_102' title='bbox 794 2268 977 2345; x_wconf 89' lang='lat' dir='ltr'>vaporem.</span> 
     </span>
    </p>
   </div>
   <div class='ocr_carea' id='block_1_3' title="bbox 138 2381 1231 3031">
    <p class='ocr_par' dir='ltr' id='par_1_3' title="bbox 138 2381 1231 2942">
     <span class='ocr_line' id='line_1_15' title="bbox 138 2381 1230 2488; baseline -0.004 -25"><span class='ocrx_word' id='word_1_103' title='bbox 138 2468 142 2484; x_wconf 62' lang='lat'>.,</span> <span class='ocrx_word' id='word_1_104' title='bbox 272 2383 429 2464; x_wconf 90' lang='lat' dir='ltr'>Videtur</span> <span class='ocrx_word' id='word_1_105' title='bbox 456 2412 569 2488; x_wconf 86' lang='lat' dir='ltr'>porro</span> <span class='ocrx_word' id='word_1_106' title='bbox 598 2391 648 2465; x_wconf 86' lang='lat' dir='ltr'>ita</span> <span class='ocrx_word' id='word_1_107' title='bbox 678 2383 830 2464; x_wconf 85' lang='lat' dir='ltr'>statuisse</span> <span class='ocrx_word' id='word_1_108' title='bbox 860 2381 1034 2485; x_wconf 78' lang='lat' dir='ltr'>Ephesius</span> <span class='ocrx_word' id='word_1_109' title='bbox 1064 2381 1230 2485; x_wconf 91' lang='lat' dir='ltr'>philoso-</span> 
     </span>
     <span class='ocr_line' id='line_1_16' title="bbox 158 2497 1228 2601; baseline 0 -25"><span class='ocrx_word' id='word_1_110' title='bbox 158 2497 278 2601; x_wconf 86' lang='lat' dir='ltr'>phus,</span> <span class='ocrx_word' id='word_1_111' title='bbox 309 2513 357 2575; x_wconf 76' lang='lat' dir='ltr'>ut</span> <span class='ocrx_word' id='word_1_112' title='bbox 382 2502 529 2598; x_wconf 87' lang='lat' dir='ltr'>igneam</span> <span class='ocrx_word' id='word_1_113' title='bbox 552 2515 739 2590; x_wconf 85' lang='lat' dir='ltr'>naturam,</span> <span class='ocrx_word' id='word_1_114' title='bbox 779 2522 856 2600; x_wconf 92' lang='lat' dir='ltr'>quo</span> <span class='ocrx_word' id='word_1_115' title='bbox 873 2504 988 2598; x_wconf 87' lang='lat' dir='ltr'>magis</span> <span class='ocrx_word' id='word_1_116' title='bbox 1007 2502 1052 2575; x_wconf 92' lang='lat' dir='ltr'>ab</span> <span class='ocrx_word' id='word_1_117' title='bbox 1071 2498 1228 2576; x_wconf 91' lang='lat' dir='ltr'>humido</span> 
     </span>
     <span class='ocr_line' id='line_1_17' title="bbox 163 2610 1231 2715; baseline -0.002 -26"><span class='ocrx_word' id='word_1_118' title='bbox 163 2611 227 2689; x_wconf 88' lang='lat' dir='ltr'>illa</span> <span class='ocrx_word' id='word_1_119' title='bbox 250 2612 402 2689; x_wconf 83' lang='lat' dir='ltr'>liberata</span> <span class='ocrx_word' id='word_1_120' title='bbox 425 2613 485 2701; x_wconf 81' lang='lat' dir='ltr'>stt,</span> <span class='ocrx_word' id='word_1_121' title='bbox 521 2627 624 2693; x_wconf 90' lang='lat' dir='ltr'>tanto</span> <span class='ocrx_word' id='word_1_122' title='bbox 654 2615 739 2715; x_wconf 92' lang='lat' dir='ltr'>plus</span> <span class='ocrx_word' id='word_1_123' title='bbox 763 2615 965 2690; x_wconf 88' lang='lat' dir='ltr'>diuinitatis</span> <span class='ocrx_word' id='word_1_124' title='bbox 979 2613 1133 2702; x_wconf 84' lang='lat' dir='ltr'>habere,</span> <span class='ocrx_word' id='word_1_125' title='bbox 1163 2610 1231 2687; x_wconf 89' lang='lat' dir='ltr'>sal·</span> 
     </span>
     <span class='ocr_line' id='line_1_18' title="bbox 160 2726 1231 2829; baseline 0.001 -27"><span class='ocrx_word' id='word_1_126' title='bbox 160 2737 236 2803; x_wconf 89' lang='lat' dir='ltr'>tem</span> <span class='ocrx_word' id='word_1_127' title='bbox 263 2728 436 2803; x_wconf 88' lang='lat' dir='ltr'>maiorem</span> <span class='ocrx_word' id='word_1_128' title='bbox 464 2729 728 2817; x_wconf 85' lang='lat' dir='ltr'>mobilitatem,</span> <span class='ocrx_word' id='word_1_129' title='bbox 764 2726 1006 2813; x_wconf 86' lang='lat' dir='ltr'>celeritatem,</span> <span class='ocrx_word' id='word_1_130' title='bbox 1032 2729 1231 2829; x_wconf 89' lang='lat' dir='ltr'>puritatem</span> 
     </span>
     <span class='ocr_line' id='line_1_19' title="bbox 162 2837 1231 2942; baseline -0.001 -26"><span class='ocrx_word' id='word_1_131' title='bbox 162 2837 338 2942; x_wconf 86' lang='lat' dir='ltr'>consequi</span> <span class='ocrx_word' id='word_1_132' title='bbox 363 2840 598 2920; x_wconf 86' lang='lat' dir='ltr'>existimaret:</span> <span class='ocrx_word' id='word_1_133' title='bbox 619 2840 770 2921; x_wconf 81' lang='lat' dir='ltr'>Delatas</span> <span class='ocrx_word' id='word_1_134' title='bbox 793 2843 921 2942; x_wconf 84' lang='lat' dir='ltr'>vtique</span> <span class='ocrx_word' id='word_1_135' title='bbox 941 2844 981 2918; x_wconf 93' lang='lat' dir='ltr'>in</span> <span class='ocrx_word' id='word_1_136' title='bbox 998 2863 1134 2942; x_wconf 87' lang='lat' dir='ltr'>corpus</span> <span class='ocrx_word' id='word_1_137' title='bbox 1152 2841 1231 2915; x_wconf 90' lang='lat' dir='ltr'>ani·</span> 
     </span>
    </p>

    <p class='ocr_par' dir='ltr' id='par_1_4' title="bbox 1150 2977 1229 3031">
     <span class='ocr_line' id='line_1_20' title="bbox 1150 2977 1229 3031; baseline -0.013 0"><span class='ocrx_word' id='word_1_138' title='bbox 1150 2977 1229 3031; x_wconf 87' lang='lat' dir='ltr'>mas</span> 
     </span>
    </p>
   </div>
   <div class='ocr_carea' id='block_1_4' title="bbox 88 3107 1231 4613">
    <p class='ocr_par' dir='ltr' id='par_1_5' title="bbox 282 3107 1231 3198">
     <span class='ocr_line' id='line_1_21' title="bbox 282 3107 1231 3198; baseline -0.003 -19"><span class='ocrx_word' id='word_1_139' title='bbox 282 3107 370 3198; x_wconf 72' lang='lat' dir='ltr'>Wiffi</span> <span class='ocrx_word' id='word_1_140' title='bbox 396 3117 426 3176; x_wconf 88' lang='lat' dir='ltr'>in</span> <span class='ocrx_word' id='word_1_141' title='bbox 456 3112 572 3180; x_wconf 70' lang='lat' dir='ltr'>Greci.</span> <span class='ocrx_word' id='word_1_142' title='bbox 598 3113 639 3182; x_wconf 88' lang='grc' dir='ltr'>Τ.</span> <span class='ocrx_word' id='word_1_143' title='bbox 656 3113 681 3180; x_wconf 90' lang='grc' dir='ltr'>Ι.</span> <span class='ocrx_word' id='word_1_144' title='bbox 711 3133 743 3198; x_wconf 83' lang='lat' dir='ltr'>p.</span> <span class='ocrx_word' id='word_1_145' title='bbox 760 3114 833 3179; x_wconf 73' lang='lat'>622.</span> <span class='ocrx_word' id='word_1_146' title='bbox 856 3109 899 3196; x_wconf 88' lang='lat' dir='ltr'>sq.</span> <span class='ocrx_word' id='word_1_147' title='bbox 963 3107 1088 3175; x_wconf 83' lang='lat' dir='ltr'>Sufficit</span> <span class='ocrx_word' id='word_1_148' title='bbox 1129 3119 1231 3177; x_wconf 81' lang='lat' dir='ltr'>meter</span> 
     </span>
    </p>

    <p class='ocr_par' dir='ltr' id='par_1_6' title="bbox 88 3129 1229 3280">
     <span class='ocr_line' id='line_1_22' title="bbox 88 3129 1229 3280; baseline -0.002 -17"><span class='ocrx_word' id='word_1_149' title='bbox 88 3270 95 3278; x_wconf 53' lang='grc'><strong><em>,</em></strong></span> <span class='ocrx_word' id='word_1_150' title='bbox 176 3205 181 3211; x_wconf 82' lang='grc'><strong>’</strong></span> <span class='ocrx_word' id='word_1_151' title='bbox 277 3196 373 3280; x_wconf 82' lang='lat' dir='ltr'>Diog.</span> <span class='ocrx_word' id='word_1_152' title='bbox 391 3196 490 3262; x_wconf 62' lang='grc' dir='ltr'>[ειη.</span> <span class='ocrx_word' id='word_1_153' title='bbox 519 3199 578 3274; x_wconf 84' lang='grc' dir='ltr'>ΙΧ,</span> <span class='ocrx_word' id='word_1_154' title='bbox 600 3212 619 3280; x_wconf 81' lang='lat'><strong>9</strong></span> <span class='ocrx_word' id='word_1_155' title='bbox 636 3207 669 3261; x_wconf 87' lang='lat' dir='ltr'>et</span> <span class='ocrx_word' id='word_1_156' title='bbox 685 3214 734 3265; x_wconf 90' lang='lat'>11.</span> <span class='ocrx_word' id='word_1_157' title='bbox 748 3215 829 3261; x_wconf 76' lang='lat' dir='ltr'>unua</span> <span class='ocrx_word' id='word_1_158' title='bbox 843 3191 977 3262; x_wconf 86' lang='lat' dir='ltr'>Nemesii</span> <span class='ocrx_word' id='word_1_159' title='bbox 991 3192 1081 3260; x_wconf 78' lang='lat' dir='ltr'>locus</span> <span class='ocrx_word' id='word_1_160' title='bbox 1099 3129 1138 3257; x_wconf 69' lang='lat' dir='ltr'>se</span> <span class='ocrx_word' id='word_1_161' title='bbox 1153 3194 1229 3261; x_wconf 72' lang='lat' dir='ltr'>Not.</span> 
     </span>
    </p>

    <p class='ocr_par' dir='ltr' id='par_1_7' title="bbox 277 3273 1228 3364">
     <span class='ocr_line' id='line_1_23' title="bbox 277 3273 1228 3364; baseline -0.005 -21"><span class='ocrx_word' id='word_1_162' title='bbox 277 3281 365 3346; x_wconf 87' lang='lat' dir='ltr'>hom.</span> <span class='ocrx_word' id='word_1_163' title='bbox 395 3301 423 3346; x_wconf 85' lang='lat' dir='ltr'>c.</span> <span class='ocrx_word' id='word_1_164' title='bbox 440 3297 471 3348; x_wconf 74' lang='lat'>2.</span> <span class='ocrx_word' id='word_1_165' title='bbox 495 3278 686 3364; x_wconf 65' lang='grc' dir='ltr'><strong><em>Ἠράκλειτον</em></strong></span> <span class='ocrx_word' id='word_1_166' title='bbox 711 3280 743 3343; x_wconf 75' lang='grc' dir='ltr'>δὲ</span> <span class='ocrx_word' id='word_1_167' title='bbox 767 3279 820 3360; x_wconf 75' lang='grc' dir='ltr'>τήν</span> <span class='ocrx_word' id='word_1_168' title='bbox 836 3278 891 3354; x_wconf 72' lang='grc' dir='ltr'>μὲν</span> <span class='ocrx_word' id='word_1_169' title='bbox 910 3278 965 3340; x_wconf 77' lang='grc' dir='ltr'>τοῦ</span> <span class='ocrx_word' id='word_1_170' title='bbox 980 3275 1091 3347; x_wconf 65' lang='lat' dir='ltr'>mauric</span> <span class='ocrx_word' id='word_1_171' title='bbox 1105 3273 1228 3359; x_wconf 61' lang='grc' dir='ltr'><strong><em>ψυχάν,</em></strong></span> 
     </span>
    </p>

    <p class='ocr_par' dir='ltr' id='par_1_8' title="bbox 276 3356 1228 3446">
     <span class='ocr_line' id='line_1_24' title="bbox 276 3356 1228 3446; baseline -0.001 -22"><span class='ocrx_word' id='word_1_172' title='bbox 276 3362 477 3441; x_wconf 63' lang='lat' dir='ltr'>numentano</span> <span class='ocrx_word' id='word_1_173' title='bbox 495 3367 529 3426; x_wconf 77' lang='lat' dir='ltr'>su</span> <span class='ocrx_word' id='word_1_174' title='bbox 551 3367 610 3428; x_wconf 79' lang='grc' dir='ltr'>τάν</span> <span class='ocrx_word' id='word_1_175' title='bbox 624 3363 717 3441; x_wconf 76' lang='grc' dir='ltr'><strong><em>ὑγράν</em></strong></span> <span class='ocrx_word' id='word_1_176' title='bbox 733 3360 860 3446; x_wconf 83' lang='lat' dir='ltr'>(dicit),</span> <span class='ocrx_word' id='word_1_177' title='bbox 880 3359 935 3441; x_wconf 72' lang='grc' dir='ltr'>τήν</span> <span class='ocrx_word' id='word_1_178' title='bbox 950 3359 981 3423; x_wconf 73' lang='lat' dir='ltr'>ul</span> <span class='ocrx_word' id='word_1_179' title='bbox 1002 3360 1033 3420; x_wconf 78' lang='lat' dir='ltr'>ir</span> <span class='ocrx_word' id='word_1_180' title='bbox 1049 3366 1116 3429; x_wconf 73' lang='lat' dir='ltr'>soie</span> <span class='ocrx_word' id='word_1_181' title='bbox 1128 3356 1228 3446; x_wconf 76' lang='grc' dir='ltr'><strong><em>ζώοις.</em></strong></span> 
     </span>
    </p>

    <p class='ocr_par' dir='ltr' id='par_1_9' title="bbox 276 3440 1229 3530">
     <span class='ocr_line' id='line_1_25' title="bbox 276 3440 1229 3530; baseline -0.003 -23"><span class='ocrx_word' id='word_1_182' title='bbox 276 3446 335 3508; x_wconf 74' lang='lat' dir='ltr'>dud</span> <span class='ocrx_word' id='word_1_183' title='bbox 349 3469 382 3508; x_wconf 83' lang='lat' dir='ltr'>rr</span> <span class='ocrx_word' id='word_1_184' title='bbox 396 3450 449 3530; x_wconf 69' lang='grc' dir='ltr'>σῆς</span> <span class='ocrx_word' id='word_1_185' title='bbox 468 3447 553 3519; x_wconf 72' lang='lat' dir='ltr'>serie</span> <span class='ocrx_word' id='word_1_186' title='bbox 565 3448 614 3511; x_wconf 82' lang='grc' dir='ltr'>νεά</span> <span class='ocrx_word' id='word_1_187' title='bbox 628 3448 681 3526; x_wconf 73' lang='grc' dir='ltr'>τῆς</span> <span class='ocrx_word' id='word_1_188' title='bbox 694 3449 725 3508; x_wconf 73' lang='grc' dir='ltr'>ἐν</span> <span class='ocrx_word' id='word_1_189' title='bbox 743 3445 845 3514; x_wconf 76' lang='grc' dir='ltr'><em>αὐτοῖς</em></span> <span class='ocrx_word' id='word_1_190' title='bbox 861 3443 1086 3518; x_wconf 66' lang='grc' dir='ltr'>ἀναθυμιάσεως</span> <span class='ocrx_word' id='word_1_191' title='bbox 1102 3440 1229 3524; x_wconf 75' lang='grc' dir='ltr'><strong><em>ὁμογενῆ</em></strong></span> 
     </span>
    </p>

    <p class='ocr_par' dir='ltr' id='par_1_10' title="bbox 178 3525 1230 3609">
     <span class='ocr_line' id='line_1_26' title="bbox 178 3525 1230 3609; baseline -0.001 -19"><span class='ocrx_word' id='word_1_192' title='bbox 178 3544 182 3555; x_wconf 84' lang='grc'>’</span> <span class='ocrx_word' id='word_1_193' title='bbox 275 3533 452 3607; x_wconf 71' lang='grc' dir='ltr'><strong><em>πεφυκέναι.</em></strong></span> <span class='ocrx_word' id='word_1_194' title='bbox 504 3532 552 3596; x_wconf 83' lang='lat' dir='ltr'>De</span> <span class='ocrx_word' id='word_1_195' title='bbox 570 3532 704 3593; x_wconf 79' lang='lat' dir='ltr'>humma</span> <span class='ocrx_word' id='word_1_196' title='bbox 722 3543 826 3593; x_wconf 79' lang='lat' dir='ltr'>antem</span> <span class='ocrx_word' id='word_1_197' title='bbox 842 3529 943 3591; x_wconf 78' lang='lat' dir='ltr'>anima</span> <span class='ocrx_word' id='word_1_198' title='bbox 960 3545 1016 3609; x_wconf 83' lang='lat' dir='ltr'>per</span> <span class='ocrx_word' id='word_1_199' title='bbox 1027 3525 1230 3608; x_wconf 65' lang='grc' dir='ltr'>ἀναθυμίασιν</span> 
     </span>
    </p>

    <p class='ocr_par' dir='ltr' id='par_1_11' title="bbox 277 3610 1220 3698">
     <span class='ocr_line' id='line_1_27' title="bbox 277 3610 1220 3698; baseline 0.001 -24"><span class='ocrx_word' id='word_1_200' title='bbox 277 3614 428 3676; x_wconf 77' lang='lat' dir='ltr'>declarata</span> <span class='ocrx_word' id='word_1_201' title='bbox 441 3637 470 3682; x_wconf 84' lang='grc' dir='ltr'>ν.</span> <span class='ocrx_word' id='word_1_202' title='bbox 485 3615 565 3698; x_wconf 82' lang='lat' dir='ltr'>inpr.</span> <span class='ocrx_word' id='word_1_203' title='bbox 582 3613 703 3680; x_wconf 82' lang='lat' dir='ltr'>Aristot.</span> <span class='ocrx_word' id='word_1_204' title='bbox 723 3615 761 3675; x_wconf 87' lang='lat' dir='ltr'>de</span> <span class='ocrx_word' id='word_1_205' title='bbox 777 3612 879 3675; x_wconf 75' lang='lat' dir='ltr'>enimn</span> <span class='ocrx_word' id='word_1_206' title='bbox 892 3610 923 3679; x_wconf 86' lang='lat' dir='ltr'>l.</span> <span class='ocrx_word' id='word_1_207' title='bbox 946 3627 977 3675; x_wconf 82' lang='lat'>2.</span> <span class='ocrx_word' id='word_1_208' title='bbox 1216 3677 1220 3685; x_wconf 78' lang='grc'>,</span> 
     </span>
    </p>

    <p class='ocr_par' dir='ltr' id='par_1_12' title="bbox 226 3691 1230 3781">
     <span class='ocr_line' id='line_1_28' title="bbox 226 3691 1230 3781; baseline -0.006 -20"><span class='ocrx_word' id='word_1_209' title='bbox 226 3697 269 3781; x_wconf 81' lang='grc' dir='ltr'>ε)</span> <span class='ocrx_word' id='word_1_210' title='bbox 290 3697 373 3759; x_wconf 86' lang='lat' dir='ltr'>Bene</span> <span class='ocrx_word' id='word_1_211' title='bbox 391 3696 467 3762; x_wconf 77' lang='lat' dir='ltr'>adeo</span> <span class='ocrx_word' id='word_1_212' title='bbox 482 3699 596 3765; x_wconf 76' lang='lat' dir='ltr'>Sextus</span> <span class='ocrx_word' id='word_1_213' title='bbox 612 3698 664 3762; x_wconf 87' lang='lat' dir='ltr'>lib.</span> <span class='ocrx_word' id='word_1_214' title='bbox 682 3695 752 3763; x_wconf 84' lang='lat' dir='ltr'>Vll.</span> <span class='ocrx_word' id='word_1_215' title='bbox 766 3715 796 3777; x_wconf 84' lang='lat' dir='ltr'>p.</span> <span class='ocrx_word' id='word_1_216' title='bbox 815 3707 888 3777; x_wconf 75' lang='lat'>398.</span> <span class='ocrx_word' id='word_1_217' title='bbox 904 3691 1019 3776; x_wconf 78' lang='grc' dir='ltr'><strong><em>άράσκεν</em></strong></span> <span class='ocrx_word' id='word_1_218' title='bbox 1034 3691 1091 3777; x_wconf 77' lang='grc' dir='ltr'>γάρ</span> <span class='ocrx_word' id='word_1_219' title='bbox 1106 3695 1149 3776; x_wconf 76' lang='lat' dir='ltr'>rq&#39;i</span> <span class='ocrx_word' id='word_1_220' title='bbox 1166 3699 1230 3775; x_wconf 80' lang='grc' dir='ltr'>φν-</span> 
     </span>
    </p>

    <p class='ocr_par' dir='ltr' id='par_1_13' title="bbox 277 3775 1229 3863">
     <span class='ocr_line' id='line_1_29' title="bbox 277 3775 1229 3863; baseline -0.003 -20"><span class='ocrx_word' id='word_1_221' title='bbox 277 3781 367 3862; x_wconf 57' lang='lat' dir='ltr'>etad,</span> <span class='ocrx_word' id='word_1_222' title='bbox 395 3779 431 3841; x_wconf 69' lang='lat' dir='ltr'>ro*</span> <span class='ocrx_word' id='word_1_223' title='bbox 450 3784 593 3863; x_wconf 74' lang='grc' dir='ltr'>περιέχον</span> <span class='ocrx_word' id='word_1_224' title='bbox 613 3777 691 3862; x_wconf 64' lang='grc' dir='ltr'>ἦμάρ</span> <span class='ocrx_word' id='word_1_225' title='bbox 711 3777 828 3855; x_wconf 76' lang='grc' dir='ltr'><strong><em>λογικόν</em></strong></span> <span class='ocrx_word' id='word_1_226' title='bbox 851 3798 885 3843; x_wconf 82' lang='grc' dir='ltr'>σε</span> <span class='ocrx_word' id='word_1_227' title='bbox 906 3775 939 3839; x_wconf 83' lang='grc' dir='ltr'>ὄν</span> <span class='ocrx_word' id='word_1_228' title='bbox 959 3775 1008 3838; x_wconf 75' lang='grc' dir='ltr'>νεά</span> <span class='ocrx_word' id='word_1_229' title='bbox 1028 3776 1174 3859; x_wconf 76' lang='grc' dir='ltr'><strong><em>φρενῆρες</em></strong></span> <span class='ocrx_word' id='word_1_230' title='bbox 1187 3809 1229 3828; x_wconf 85' lang='lat'>-</span> 
     </span>
    </p>

    <p class='ocr_par' dir='ltr' id='par_1_14' title="bbox 276 3858 1229 3945">
     <span class='ocr_line' id='line_1_30' title="bbox 276 3858 1229 3945; baseline -0.007 -16"><span class='ocrx_word' id='word_1_231' title='bbox 276 3863 381 3929; x_wconf 75' lang='grc' dir='ltr'><strong><em>τοῦτον</em></strong></span> <span class='ocrx_word' id='word_1_232' title='bbox 401 3862 438 3945; x_wconf 70' lang='grc' dir='ltr'>δή</span> <span class='ocrx_word' id='word_1_233' title='bbox 457 3864 508 3927; x_wconf 75' lang='grc' dir='ltr'>τάν</span> <span class='ocrx_word' id='word_1_234' title='bbox 529 3863 615 3927; x_wconf 66' lang='grc' dir='ltr'><strong><em>θεῖον</em></strong></span> <span class='ocrx_word' id='word_1_235' title='bbox 635 3862 724 3936; x_wconf 83' lang='grc' dir='ltr'><strong><em>λόγον</em></strong></span> <span class='ocrx_word' id='word_1_236' title='bbox 743 3861 822 3928; x_wconf 75' lang='grc' dir='ltr'>κατά</span> <span class='ocrx_word' id='word_1_237' title='bbox 841 3861 894 3926; x_wconf 74' lang='grc' dir='ltr'>σάν</span> <span class='ocrx_word' id='word_1_238' title='bbox 903 3858 1098 3939; x_wconf 74' lang='grc' dir='ltr'><strong><em>Ἡράκλειτον</em></strong></span> <span class='ocrx_word' id='word_1_239' title='bbox 1111 3863 1141 3924; x_wconf 84' lang='lat' dir='ltr'>di</span> <span class='ocrx_word' id='word_1_240' title='bbox 1155 3860 1229 3922; x_wconf 76' lang='grc' dir='ltr'><strong><em>άνε-</em></strong></span> 
     </span>
    </p>

    <p class='ocr_par' dir='ltr' id='par_1_15' title="bbox 276 3942 1230 4027">
     <span class='ocr_line' id='line_1_31' title="bbox 276 3942 1230 4027; baseline -0.003 -17"><span class='ocrx_word' id='word_1_241' title='bbox 276 3945 368 4027; x_wconf 75' lang='grc' dir='ltr'>πνοῆς</span> <span class='ocrx_word' id='word_1_242' title='bbox 393 3945 561 4018; x_wconf 74' lang='grc' dir='ltr'><strong><em>σπάσαντες</em></strong></span> <span class='ocrx_word' id='word_1_243' title='bbox 582 3946 671 4026; x_wconf 79' lang='grc' dir='ltr'><strong><em>νοερσὶ</em></strong></span> <span class='ocrx_word' id='word_1_244' title='bbox 693 3944 854 4022; x_wconf 63' lang='lat' dir='ltr'>vendundo:</span> <span class='ocrx_word' id='word_1_245' title='bbox 895 3961 973 4026; x_wconf 77' lang='lat' dir='ltr'>quite</span> <span class='ocrx_word' id='word_1_246' title='bbox 998 3942 1115 4027; x_wconf 80' lang='lat' dir='ltr'>sequun</span> <span class='ocrx_word' id='word_1_247' title='bbox 1174 3945 1230 4011; x_wconf 76' lang='lat' dir='ltr'>,de</span> 
     </span>
    </p>

    <p class='ocr_par' dir='ltr' id='par_1_16' title="bbox 277 4025 1230 4115">
     <span class='ocr_line' id='line_1_32' title="bbox 277 4025 1230 4115; baseline -0.002 -21"><span class='ocrx_word' id='word_1_248' title='bbox 277 4030 404 4101; x_wconf 83' lang='lat' dir='ltr'>somno.</span> <span class='ocrx_word' id='word_1_249' title='bbox 431 4032 517 4096; x_wconf 80' lang='lat' dir='ltr'>Sexti</span> <span class='ocrx_word' id='word_1_250' title='bbox 541 4030 646 4115; x_wconf 73' lang='lat' dir='ltr'>potius</span> <span class='ocrx_word' id='word_1_251' title='bbox 670 4032 976 4112; x_wconf 79' lang='lat' dir='ltr'>interpretamentum</span> <span class='ocrx_word' id='word_1_252' title='bbox 997 4025 1136 4091; x_wconf 72' lang='lat' dir='ltr'>habendo</span> <span class='ocrx_word' id='word_1_253' title='bbox 1194 4036 1230 4093; x_wconf 88' lang='lat' dir='ltr'>nt</span> 
     </span>
    </p>

    <p class='ocr_par' dir='ltr' id='par_1_17' title="bbox 274 4108 1230 4198">
     <span class='ocr_line' id='line_1_33' title="bbox 274 4108 1230 4198; baseline 0.002 -24"><span class='ocrx_word' id='word_1_254' title='bbox 274 4135 364 4198; x_wconf 81' lang='lat' dir='ltr'>quam</span> <span class='ocrx_word' id='word_1_255' title='bbox 381 4114 538 4179; x_wconf 77' lang='lat' dir='ltr'>Heracliti.</span> <span class='ocrx_word' id='word_1_256' title='bbox 584 4112 702 4178; x_wconf 83' lang='lat' dir='ltr'>Similia</span> <span class='ocrx_word' id='word_1_257' title='bbox 717 4110 895 4179; x_wconf 88' lang='lat' dir='ltr'>Stoicorum</span> <span class='ocrx_word' id='word_1_258' title='bbox 912 4111 992 4175; x_wconf 84' lang='lat' dir='ltr'>sunt.</span> <span class='ocrx_word' id='word_1_259' title='bbox 1035 4108 1095 4174; x_wconf 85' lang='lat' dir='ltr'>Sed</span> <span class='ocrx_word' id='word_1_260' title='bbox 1112 4110 1230 4176; x_wconf 77' lang='lat' dir='ltr'>inillis</span> 
     </span>
    </p>

    <p class='ocr_par' dir='ltr' id='par_1_18' title="bbox 155 4190 1231 4301">
     <span class='ocr_line' id='line_1_34' title="bbox 155 4190 1231 4301; baseline -0.008 -39"><span class='ocrx_word' id='word_1_261' title='bbox 155 4297 157 4301; x_wconf 18' lang='grc' dir='ltr'>Ι</span> <span class='ocrx_word' id='word_1_262' title='bbox 276 4219 326 4279; x_wconf 79' lang='lat' dir='ltr'>ap.</span> <span class='ocrx_word' id='word_1_263' title='bbox 354 4198 490 4301; x_wconf 67' lang='lat' dir='ltr'>pingam</span> <span class='ocrx_word' id='word_1_264' title='bbox 512 4196 589 4301; x_wconf 57' lang='lat' dir='ltr'>VH:</span> <span class='ocrx_word' id='word_1_265' title='bbox 618 4212 687 4300; x_wconf 64' lang='lat'>¹4⁵:</span> <span class='ocrx_word' id='word_1_266' title='bbox 712 4197 763 4259; x_wconf 77' lang='grc' dir='ltr'>τὸν</span> <span class='ocrx_word' id='word_1_267' title='bbox 779 4196 834 4271; x_wconf 69' lang='grc' dir='ltr'>μὲν</span> <span class='ocrx_word' id='word_1_268' title='bbox 858 4190 1001 4292; x_wconf 53' lang='lat' dir='ltr'>issoudun</span> <span class='ocrx_word' id='word_1_269' title='bbox 1022 4193 1076 4275; x_wconf 71' lang='lat' dir='ltr'>nio</span> <span class='ocrx_word' id='word_1_270' title='bbox 1094 4195 1231 4274; x_wconf 75' lang='grc' dir='ltr'><strong><em>μεγάλης</em></strong></span> 
     </span>
    </p>

    <p class='ocr_par' dir='ltr' id='par_1_19' title="bbox 276 4276 1230 4423">
     <span class='ocr_line' id='line_1_35' title="bbox 276 4276 1230 4423; baseline -0.005 -81"><span class='ocrx_word' id='word_1_271' title='bbox 276 4281 432 4382; x_wconf 61' lang='lat' dir='ltr'>&amp;almerge</span> <span class='ocrx_word' id='word_1_272' title='bbox 453 4305 549 4364; x_wconf 80' lang='grc' dir='ltr'><strong><em>νοερσν</em></strong></span> <span class='ocrx_word' id='word_1_273' title='bbox 573 4303 646 4379; x_wconf 73' lang='grc' dir='ltr'>οντσιΙ</span> <span class='ocrx_word' id='word_1_274' title='bbox 661 4304 786 4357; x_wconf 65' lang='lat' dir='ltr'>avenne</span> <span class='ocrx_word' id='word_1_275' title='bbox 800 4277 1056 4377; x_wconf 75' lang='lat' dir='ltr'>nondubttrmue</span> <span class='ocrx_word' id='word_1_276' title='bbox 1065 4276 1230 4423; x_wconf 34' lang='lat' dir='ltr'>&amp;raesens</span> 
     </span>
    </p>

    <p class='ocr_par' dir='ltr' id='par_1_20' title="bbox 176 4358 1231 4613">
     <span class='ocr_line' id='line_1_36' title="bbox 176 4358 1231 4530; baseline -0.008 -18"><span class='ocrx_word' id='word_1_277' title='bbox 176 4439 179 4443; x_wconf 89' lang='lat'>·</span> <span class='ocrx_word' id='word_1_278' title='bbox 277 4378 536 4516; x_wconf 56' lang='lat' dir='ltr'>isssiffls‘ni</span> <span class='ocrx_word' id='word_1_279' title='bbox 549 4363 992 4530; x_wconf 56' lang='grc' dir='ltr'>εἵσᾞῗῖἶέἳῗερὲἱῖζῗὲῗῖἔ</span> <span class='ocrx_word' id='word_1_280' title='bbox 1005 4358 1231 4520; x_wconf 61' lang='grc' dir='ltr'>ιζ’ὶσέἓῗέἔέζ</span> 
     </span>
     <span class='ocr_line' id='line_1_37' title="bbox 260 4525 968 4613; baseline -0.006 -16"><span class='ocrx_word' id='word_1_281' title='bbox 260 4550 340 4598; x_wconf 78' lang='lat' dir='ltr'>&#39;non</span> <span class='ocrx_word' id='word_1_282' title='bbox 360 4543 464 4597; x_wconf 81' lang='lat' dir='ltr'>nmen</span> <span class='ocrx_word' id='word_1_283' title='bbox 480 4534 513 4597; x_wconf 88' lang='lat' dir='ltr'>irr</span> <span class='ocrx_word' id='word_1_284' title='bbox 527 4532 585 4596; x_wconf 79' lang='lat' dir='ltr'>hac</span> <span class='ocrx_word' id='word_1_285' title='bbox 599 4530 755 4595; x_wconf 78' lang='lat' dir='ltr'>erratione</span> <span class='ocrx_word' id='word_1_286' title='bbox 768 4529 842 4595; x_wconf 81' lang='lat' dir='ltr'>ferri</span> <span class='ocrx_word' id='word_1_287' title='bbox 858 4525 968 4613; x_wconf 80' lang='lat' dir='ltr'>potest.</span> 
     </span>
    </p>
   </div>
   <div class='ocr_carea' id='block_1_5' title="bbox 0 0 1298 4996">
    <p class='ocr_par' dir='ltr' id='par_1_21' title="bbox 0 0 1298 4996">
     <span class='ocr_line' id='line_1_38' title="bbox 0 0 1298 4996; baseline 0 0"><span class='ocrx_word' id='word_1_288' title='bbox 0 0 1298 4996; x_wconf 95' lang='lat' dir='ltr'> </span> 
     </span>
    </p>
   </div>
  </div>
 </body>
</html>
