2580 4906
427 513 727 572 ·«·-···.,.......-·-..-.ε
1040 510 1115 594 187

36 690 202 790 gothos·
215 703 422 792 receptum,
468 701 506 766 et
528 689 592 766 sub
613 688 767 767 Francis*
785 691 824 765 in
844 692 1043 790 prouinciis
1060 693 1116 784 iis,

54 806 92 879 in
129 806 264 903 quibus
300 808 465 882 Romana
495 801 727 903 promulgata
755 816 830 877 erat
853 805 933 898 lex;
972 804 1118 903 legibus

55 917 161 1006 inde,
210 941 299 1016 quas
323 931 475 1005 vocant,
513 914 790 1013 Visrgothorum
814 913 1015 1010 sinnatum3
1057 940 1121 994 oc-

56 1053 201 1106 currere
224 1032 382 1108 eundem
408 1033 444 1106 in
468 1028 546 1106 RR.
573 1027 885 1127 Ostrogorhorum
902 1027 1051 1118 Editus,
1080 1033 1121 1106 in
1153 1105 1155 1109 .

55 1138 131 1220 LL.
159 1143 303 1237 Salicis3
343 1145 524 1241 originem
548 1158 669 1218 autem
694 1141 903 1219 Ronnnam
920 1143 1120 1220 elucescere
1150 1183 1155 1192 ·

56 1280 103 1332 ex
129 1280 175 1332 eo
201 1256 298 1356 ipso,
342 1258 464 1357 quod,
502 1256 632 1332 eodem
651 1256 876 1344 discrimine,
911 1257 1014 1357 quod
1033 1279 1122 1355 poe-

54 1392 188 1447 narum
214 1370 496 1468 infligendarum
522 1369 610 1457 suit,
649 1371 809 1468 quaestio
835 1384 976 1446 tantum
994 1372 1032 1444 in
1052 1369 1122 1445 ser·

55 1505 125 1558 vos
147 1497 184 1558 et
207 1481 352 1559 infimae
380 1484 482 1559 sortis
501 1481 670 1559 homines
693 1480 814 1558 habita
831 1485 899 1574 est,
934 1506 1019 1560 cum
1036 1489 1124 1577 inge·

57 1600 117 1672 nni
145 1611 209 1671 ant
234 1595 470 1673 iureiurando
498 1613 560 1672 aut
591 1596 729 1671 iudicio
757 1596 816 1672 dei
843 1610 906 1673 aut
925 1600 1121 1674 certamine

57 1724 256 1785 vterentur.
296 1709 465 1809 adquae
483 1707 631 1807 quidem
651 1722 689 1782 vt
708 1711 899 1807 proniores
917 1707 1028 1785 essent
1045 1712 1123 1785 ani-

57 1825 133 1911 mi,
180 1822 297 1899 facilis
319 1820 388 1899 esse
411 1824 533 1921 potuit
556 1826 832 1919 opportunitas,
873 1824 912 1897 in
943 1822 1015 1897 illis
1042 1823 1125 1923 qui.

60 1935 146 2013 dem
171 1959 217 2011 ex
238 1936 474 2034 superstitiosa
499 1948 707 2034 temporum
733 1933 959 2035 persuasione
981 1934 1027 2012 de
1055 1936 1126 2011 mi·

59 2048 214 2138 raculis,
252 2050 298 2126 in
318 2049 393 2126 hoc
409 2073 516 2135 vero,
552 2047 654 2146 quod
681 2051 776 2123 inter
801 2047 963 2148 populos
991 2071 1033 2124 ac
1056 2048 1125 2124 du·

60 2183 123 2238 ces
147 2185 269 2238 rerum
293 2161 610 2241 controuersarum
635 2161 934 2238 diiudicationem
953 2185 972 2238 a
989 2163 1126 2261 pugnis

61 2277 141 2376 peti
166 2276 340 2352 viderent.
387 2275 562 2351 Adhiberi
578 2274 699 2374 postea
715 2299 870 2376 coepere
885 2291 1067 2352 tormenta
1086 2277 1126 2352 in

60 2411 257 2485 magorum
289 2403 326 2464 et
351 2387 598 2466 veneficorum
624 2390 787 2479 iudiciis,
832 2392 891 2479 (v.
914 2413 944 2466 c.
966 2386 1124 2486 Gregor.

62 2498 206 2577 Toron.
226 2499 301 2590 VI,
335 2510 419 2595 35.)
441 2503 588 2578 tandem
605 2502 742 2579 eodem.
752 2503 975 2579 crudelitatis
992 2525 1128 2602 genere

61 2613 238 2690 saeuitum
270 2617 310 2691 in
342 2613 554 2693 haereticos.
626 2614 732 2692 Nihil
761 2616 801 2690 in*
831 2616 886 2692 his
913 2617 979 2704 est,
1024 2614 1128 2715 quod

64 2751 144 2833 non
173 2728 419 2822 historiarum,
462 2730 588 2827 legum
613 2745 650 2812 et
672 2742 1018 2818 monumentorum,
1057 2728 1129 2807 side

64 2840 289 2918 declaratum
308 2840 368 2934 srt3
387 2838 436 2939 *)
463 2858 590 2919 contra
608 2862 695 2919 uero
715 2841 799 2918 iilius
813 2846 991 2944 opinionis,
1018 2865 1130 2943 quam

66 2957 457 3046 commemorauimus,
487 2960 650 3060 vestigium
666 2955 800 3036 nulium.

1039 3065 1135 3146 Vtut

129 3255 166 3336 ')
187 3253 324 3355 Prostant
337 3253 622 3355 enquoqnepassrm
634 3254 692 3316 ianr
709 3253 740 3315 in
757 3216 869 3314 libeins
882 3251 1079 3333 vulgaribus:
1100 3273 1132 3320 v.
1202 3274 1206 3281 “

180 3336 564 3503 indictitiis,
577 3334 862 3484 insitis:
883 3335 1133 3484 institnit

182 3505 403 3583 comparandos
426 3506 486 3568 sac.
505 3504 651 3566 Gothosr.
666 3504 696 3563 in
713 3502 884 3582 Prosegom.
906 3523 933 3564 c.
950 3517 981 3579 5.
996 3509 1025 3567 6.
1039 3522 1067 3581 7.
1106 3503 1135 3566 E

181 3587 278 3670 Legg.
303 3586 457 3671 visigoth.
490 3587 560 3650 satis
584 3583 952 3666 transponendus.
976 3586 1024 3649 tit.
1039 3585 1063 3647 1.
1084 3584 1134 3648 vbi

183 3670 282 3731 stetim
308 3671 496 3752 apparebunt
524 3671 600 3732 iuris
624 3667 755 3731 Romani
777 3668 901 3748 vestigia
926 3667 1058 3741 expressa
1082 3686 1137 3748 per

181 3773 307 3816 omnem
333 3753 520 3834 quaestionis
545 3751 728 3825 decursum.
761 3751 849 3812 etin
874 3749 936 3814 LL.
963 3749 1054 3815 sanc.
1083 3751 1136 3816 tit.

183 3835 294 3901 xiiis.
314 3836 354 3899 de
373 3836 478 3910 seruo,
509 3836 562 3919 qui
580 3837 618 3896 de
632 3835 718 3897 furto
731 3831 827 3894 fuerit
839 3833 1028 3916 inculpatus.
1070 3833 1135 3899 LL.

183 3916 307 3983 Boioer.
329 3938 397 3997 cap.
412 3919 483 3983 ΧΙΙ.
509 3923 558 3983 tit.
574 3916 677 3983 xvn.
728 3913 821 3988 Quod
844 3915 1073 4001 fiaiiipopuii,
1102 3926 1138 3979 vt

182 3997 280 4064 Sueui
295 4000 485 4068 etSnxnner.
507 4001 717 4083 quaestionum
733 4008 885 4060 tormenta
900 4019 962 4061 non
979 3997 1137 4072 admisere,

185 4080 302 4146 caussae
322 4085 355 4146 in
376 4094 551 4164 temporum
574 4096 606 4145 et
627 4100 729 4144 rerum
750 4081 946 4152 conditione,
979 4101 1056 4162 quae
1070 4093 1139 4145 tum

184 4176 267 4234 erat,
289 4168 506 4248 cumprimum
522 4170 603 4228 inter
617 4184 672 4227 eoa
685 4183 753 4238 mos
768 4176 800 4225 et
817 4164 866 4225 sex
880 4165 962 4226 illata
976 4163 1029 4236 en,
1045 4182 1140 4245 quae·

185 4249 298 4314 rendae
328 4261 361 4314 et
389 4248 579 4335 indagandae
602 4248 689 4325 sunt3
724 4248 807 4329 quod
828 4265 902 4311 vero
926 4247 959 4311 in
984 4246 1140 4398 diiungi·

644 4362 663 4400 ο
1004 4348 1079 4413 qim
1106 4346 1140 4393 to
