2496 4936
120 614 180 715 ’4ο
519 632 802 668 “““·“··

124 810 298 892 omnium
321 812 432 893 bonis
455 835 543 893 cum
569 817 665 895 votis
687 814 950 917 ominibusque
968 813 1126 892 initurus
1143 811 1197 893 est
1243 831 1244 836 ‘

122 926 386 1026 magistratum,
397 951 558 1030 eumque
572 928 882 1030 auspicabiturdie
895 928 1049 1006 crastino
1060 926 1196 1005 sollen-

123 1042 236 1143 nibus
258 1063 306 1139 ex
334 1064 438 1120 more
459 1045 500 1120 in
523 1043 665 1143 templo
693 1043 903 1133 academico
930 1041 1085 1121 habitis:
1115 1065 1194 1142 quo

123 1144 167 1232 vt
195 1150 286 1231 hora
306 1151 358 1233 X.
386 1180 563 1256 pompam
588 1157 752 1255 ducatis,
791 1152 1018 1234 illustrissimi
1045 1153 1079 1233 S.
1097 1153 1142 1234 R.
1163 1153 1192 1233 1.

124 1263 316 1360 Comites,
346 1282 484 1371 tuque,
514 1267 791 1349 Generosrffima
807 1284 843 1347 et
859 1293 945 1345 cum
962 1291 1097 1366 genere
1114 1286 1207 1348 turn·

119 1385 280 1472 animis,
325 1386 492 1461 moribus
518 1386 771 1485 ingeniisque,
812 1380 1030 1461 nobiliffima
1059 1380 1196 1461 quen·

124 1506 205 1586 tus,
244 1495 456 1596 frequentes
480 1496 720 1600 fauentesque
745 1495 888 1588 adfitis,
930 1495 1194 1574 humaniffrmis

124 1612 296 1709 precibus
311 1611 585 1691 contendimus.

239 1833 389 1931 Quibus
411 1833 639 1917 sollennibus
666 1861 752 1915 cum
771 1827 874 1916 nunc
894 1835 1135 1938 praefandum
1150 1833 1195 1927 sat

126 1949 291 2040 anobis,
328 1964 383 2041 et,
414 1951 503 2029 dum
520 1950 780 2052 praestolamur
797 1975 959 2053 pompae
981 1951 1194 2040 aduentum,

126 2084 215 2154 vos,
257 2062 562 2157 Commilitones,
598 2080 773 2166 tanquam
798 2065 1100 2143 coniabulatione
1127 2065 1196 2142 ali·

127 2198 224 2278 qua,
256 2167 447 2256 detinendi
473 2179 568 2257 fitis:
605 2193 645 2256 vt
668 2182 847 2257 variemus
870 2179 1096 2269 sermonem,
1126 2201 1195 2279 age

126 2285 347 2391 seponamus
378 2316 479 2371 nunc
504 2295 542 2369 in
572 2292 673 2371 aliud
698 2306 843 2394 tempus
865 2294 1051 2394 inceptam
1075 2316 1194 2393 nuper

127 2403 167 2483 de
190 2410 261 2483 uita
287 2410 482 2505 antiquioris
511 2405 668 2484 Graeciae
691 2435 733 2484 ex
749 2409 899 2506 serarum
922 2423 953 2483 et
974 2404 1197 2483 barbarorum

118 2519 325 2622 populorum
341 2520 484 2597 moribus
501 2520 694 2624 illustranda
711 2520 1014 2619 disputationem,
1046 2535 1083 2598 et
1096 2523 1194 2597 otio·

125 2630 207 2710 luni
232 2633 441 2725 horarium,
472 2635 574 2736 quod
592 2638 629 2711 in
650 2637 818 2711 manibus
838 2634 905 2721 est,
935 2633 1193 2712 consumamus

126 2749 167 2825 in
193 2771 250 2838 re,
289 2749 469 2857 inquam
493 2754 577 2826 inter
590 2749 673 2826 belia
687 2748 764 2828 itaer
784 2751 967 2833 maritima,
993 2774 1075 2847 quae
1094 2775 1194 2849 apo·

129 2864 304 2965 teratifflmir
330 2861 490 2964 Europae
515 2863 664 2960 gentibus
692 2874 871 2960 geruumr,
922 2883 1194 2962 nonnunquam

126 2977 353 3074 cogitatione
375 2975 594 3055 incidimus.
672 2974 989 3074 Quandoquidem
1023 2979 1120 3052 enim
1155 2989 1195 3052 et

126 3088 217 3166 olim
245 3090 347 3166 fuere
376 3092 507 3192 populi
526 3092 769 3190 nauigationis
785 3090 909 3166 studiis
927 3076 1192 3189 maritimisque

128 3204 263 3307 opibus
288 3203 394 3293 clari,
434 3211 473 3280 in
490 3206 740 3306 quaestionem
755 3207 877 3280 venire
894 3203 1036 3303 potest,
1066 3227 1112 3279 an
1130 3205 1193 3280 iis-

127 3316 214 3393 dem
237 3317 293 3393 his
317 3318 487 3395 institutis
516 3333 553 3395 et
583 3318 753 3418 legibus,
788 3318 924 3393 artibus
942 3315 1190 3419 consiliisque,

126 3431 168 3505 in
200 3430 363 3531 parando
394 3431 609 3533 tuendaque
640 3433 797 3533 imperio
823 3431 1006 3507 maritimo
1033 3428 1081 3506 vsr
1109 3429 1189 3520 srnt,

128 3565 224 3645 quae
246 3568 346 3620 nunc
364 3543 465 3646 sequi
482 3545 649 3623 videmus
665 3542 825 3646 populos
845 3544 986 3620 nostros
1006 3546 1190 3621 maritimo

128 3657 284 3757 imperio
307 3659 569 3758 praeualentes.
641 3657 776 3760 Atqui,
816 3656 976 3757 fipauca
993 3681 1059 3748 ea,
1094 3681 1190 3760 quae

127 3793 176 3848 ex
199 3773 413 3870 antiquitate
437 3772 493 3849 his
516 3772 562 3849 de
585 3773 693 3850 rebus
719 3768 847 3849 tradita
866 3770 1078 3869 supersunt,
1108 3772 1192 3848 dili·

126 3900 257 3984 genter
282 3886 562 3984 inspexerimus,
594 3888 801 3963 videbimus
820 3888 880 3962 uix
898 3885 1024 3980 aliquid
1035 3887 1088 3983 seu
1111 3890 1192 3964 iuris

117 3991 180 4091 seu
200 3996 395 4100 prudentiae
409 3995 516 4103 cauffo
531 4005 709 4104 institutam
726 3989 969 4076 iommemoruri
979 3996 1075 4102 poffe,
1102 3999 1193 4098 quod

125 4139 194 4190 non
218 4125 249 4190 et
274 4114 351 4188 olim
368 4116 611 4223 freqrrentqtuur
634 4107 720 4212 effett
758 4114 870 4210 idque
889 4136 1038 4210 operam
1056 4112 1190 4190 dediffe

126 4229 355 4327 potentiores
372 4228 555 4329 populos,
587 4242 627 4303 vt
644 4226 883 4304 excluderent
898 4224 989 4302 alios
1005 4241 1190 4305 certorum

123 4338 318 4431 locorum,
362 4342 542 4421 traiiuurn
565 4364 609 4417 ac
634 4341 802 4419 littorum
825 4338 946 4431 aditu,
983 4356 1066 4433 aut,
1099 4338 1190 4417 srab

1089 4453 1191 4534 aditu
