2586 5078
448 105 746 166 “m
1044 121 1137 196 :22⁶5

44 289 211 368 emanire
234 283 446 365 Academias
470 285 610 365 litterae
637 311 776 375 noxam
799 287 886 370 inde
910 290 1138 387 fibi-illatam

43 402 244 489 sentiunt,
291 401 394 499 quod
425 399 620 477 industriae
654 415 690 478 et
718 400 827 479 studii
858 404 958 480 calor
983 409 1137 499 refrixit,

63 518 226 591 maxime
251 513 457 590 dottiorum
475 513 697 606 litterarum,
727 538 821 614 quae
834 515 1000 595 lectionis
1019 524 1138 600 variae

62 651 156 726 opes
181 626 374 724 suggerere
397 638 434 702 et
458 625 597 703 infinita
623 649 670 702 ex
696 630 912 727 antiquitate
931 630 1086 709 subsidia
1100 647 1139 714 et

61 739 287 818 adminicula
312 739 542 840 suppeditare
567 753 739 841 poteraut
755 764 797 817 ac
813 741 1006 819 debebant.
1038 743 1137 825 Cum
1178 822 1181 828 .

62 876 145 929 non
178 876 307 929 omncs
326 852 470 930 litterae
498 855 592 931 intra
619 851 954 935 mathematicamm
978 879 1020 934 ac
1042 859 1137 960 phy.

59 965 216 1044 sicarum
234 960 505 1066 disciplinatam
523 964 614 1045 fines
634 965 791 1044 inclusae
806 965 894 1060 sint3
927 991 1021 1070 quae
1037 972 1136 1048 forte

61 1079 275 1178 disciplinae
308 1082 469 1180 antiquis
502 1079 634 1158 litteris
666 1102 788 1157 carere
813 1078 981 1180 possunt,
1024 1081 1048 1159 sr
1076 1085 1132 1162 nil

60 1195 251 1294 quaeritur
271 1215 383 1291 quam
401 1192 503 1294 quod
521 1193 639 1269 nostra
655 1206 750 1268 aetas
766 1192 884 1272 dehis
900 1196 1009 1272 rebus
1029 1218 1133 1274 com-

59 1318 222 1384 mentata
249 1304 318 1382 est:
355 1322 390 1382 at
413 1305 575 1406 reliquae
603 1304 812 1405 disciplinae
834 1306 965 1385 litteris
992 1312 1132 1407 graecis

57 1419 259 1519 latinisque
289 1440 411 1496 carere
432 1441 511 1496 non
536 1415 702 1518 possunt3
740 1441 788 1500 ex
810 1418 992 1496 librorum
1012 1421 1132 1500 sacro-

56 1557 144 1609 rum
180 1531 382 1631 legumque
416 1533 716 1629 interpretatione
744 1554 899 1629 magnae
929 1538 1131 1632 magnique

57 1648 244 1723 momenti
264 1644 473 1744 disciplinae
498 1644 680 1744 pendent3
720 1644 803 1721 sunt
829 1657 951 1731 autem
970 1644 1026 1721 illi
1040 1646 1130 1726 libri
1184 1730 1185 1734 Ν

57 1761 216 1858 antiquo
240 1756 406 1837 sermone
423 1758 567 1857 scripti,
597 1779 686 1846 nec,
712 1757 777 1834 nist
794 1760 1046 1857 grammaticas
1065 1782 1130 1836 co-

57 1874 137 1971 pias
169 1866 315 1961 afferas,
343 1871 454 1952 *reue
476 1869 636 1968 intelligi
656 1868 823 1968 pollunt3
862 1884 1046 1970 praeterea
1071 1871 1129 1948 hi-

56 1985 188 2061 storiae
211 2006 299 2060 cum
322 2007 444 2061 rerum
460 1984 661 2082 gestarum,
701 1997 780 2059 tum
799 1983 954 2084 ipsarum
969 1984 1128 2085 discipli-

1 2139 2 2142 *
56 2120 211 2185 uarum,
251 2098 444 2197 quomodo
461 2097 535 2172 fine
558 2108 721 2175 veterum
738 2096 958 2197 scriptorum
968 2098 1127 2177 ledione

58 2232 147 2296 cum
177 2208 249 2287 fide
278 2210 372 2287 tradi
394 2206 564 2311 possunt?
603 2208 707 2308 quod
731 2232 818 2287 vero
844 2213 896 2286 rei
921 2233 986 2288 arx
1009 2225 1047 2288 et
1067 2235 1127 2291 ca·

57 2337 129 2423 put
155 2323 222 2414 est,
260 2323 419 2400 liberalis
447 2325 569 2423 aliqua
592 2323 789 2414 instituti0,
836 2344 909 2422 qua
931 2323 1122 2415 iudicium,

57 2437 184 2535 gustus
204 2451 242 2514 et
265 2459 368 2514 amor
390 2437 535 2537 pulchri
557 2457 598 2511 ac
620 2436 696 2522 veri
722 2437 761 2510 in
786 2437 974 2531 oratione,
1013 2436 1126 2537 scrip·

57 2553 181 2639 tione,
226 2552 266 2626 in
284 2551 439 2642 artibus
470 2551 678 2647 artiumque
706 2549 898 2648 operibus,
917 2598 919 2639 ἐ
935 2546 1033 2625 vnde
1060 2571 1126 2648 pe·

56 2662 168 2754 tenda
193 2666 281 2754 erit,
302 2662 385 2740 nisi
411 2686 459 2748 ex
474 2661 631 2739 ledione
647 2658 1026 2760 praestantissimorum
1043 2683 1125 2736 om-

57 2778 116 2857 uis
132 2777 256 2854 aetatis
269 2775 510 2877 scriptorum?
535 2774 591 2851 Ad
607 2773 703 2852 hanc
718 2776 831 2872 igitur
848 2786 990 2851 mature
1004 2774 1123 2851 insor-

58 2888 191 2971 manda
215 2888 299 2967 sunt
323 2891 472 2990 ingenia
496 2889 625 2965 nostra.
683 2884 837 2963 Pelsrmo
860 2909 982 2981 errore
997 2886 1122 2978 serun-

57 3013 137 3092 tur,
178 3004 245 3103 qui
273 3026 385 3080 omne
408 3003 481 3082 hoc
504 3001 662 3087 studium
684 3002 723 3074 in
746 2999 874 3099 lingua
901 2995 1030 3075 latina
1056 3021 1124 3100 per

56 3114 93 3200 se
126 3115 340 3195 addiscenda
367 3115 528 3217 positum
558 3111 626 3191 esse
655 3112 804 3193 volunt:
852 3111 1122 3211 non-linguam
1190 3185 1192 3187 ,

56 3251 247 3323 curamus3
306 3229 369 3307 etsi
406 3230 535 3329 lingua
562 3229 613 3306 est
641 3228 885 3326 grammaticis
917 3227 1122 3304 rationibus

57 3344 199 3442 optime
224 3342 479 3443 superstruila,
507 3337 671 3443 expolita
696 3354 734 3415 et
756 3340 958 3442 disciplinis
975 3337 1122 3428 traden-

58 3455 116 3532 dis
139 3456 434 3550 accommodata3
480 3456 624 3542 ledea,
658 3474 752 3552 quae
778 3455 854 3529 eius
880 3452 1030 3552 linguae
1046 3452 1133 3545 beq

57 3567 191 3647 neficio
206 3568 381 3670 consequi
398 3570 506 3659 licet,
535 3569 790 3667 grammaticae
803 3566 980 3665 persollae
997 3586 1121 3639 exem-

57 3678 164 3782 plum
195 3681 241 3759 ad
269 3681 373 3782 quod
406 3683 494 3760 alias
518 3681 664 3781 linguas
684 3702 906 3778 comparare
932 3674 1121 3776 possemus,

55 3794 201 3895 logicae
226 3797 344 3883 honae
366 3808 403 3873 et
419 3793 729 3895 interpretationis
754 3791 906 3870 callidae
929 3791 1147 3890 praecepta

106 3924 229 4011 Ἰ,Ηιφιὶὲ
241 3926 349 4013 Opust·
366 3928 455 3996 acad.
476 3925 546 3995 Vot.
559 3925 630 3992 ΙΙΙ.
748 3901 777 3980 P
1084 3911 1123 3978 et
