710 1331
640 153 645 164 η

88 230 103 252 ’6
284 233 426 244 ——nn

88 286 126 307 que
135 280 158 300 ad
168 280 249 301 lubitum
258 281 316 306 magis
325 285 343 300 et
352 281 448 300 arbitrium
456 280 537 300 instituta
551 280 586 300 eise
601 280 629 300 vi-

88 309 167 333 dentum
182 309 213 329 etss
221 313 285 329 natura
294 310 332 329 fere
342 313 374 329 aut
382 310 423 329 asu
431 313 463 329 aut
472 310 562 335 opinione
573 315 626 334 prae-

88 338 145 358 bente
152 338 183 358 seu
195 339 295 358 obiiciente
303 338 322 358 id
336 338 388 363 quod
398 339 417 358 in
432 344 504 358 morem
517 338 566 357 abiit.
596 337 627 357 Sic

88 366 109 386 in
124 366 194 386 familia
208 367 303 390 habenda.
321 366 384 386 liberis
400 366 510 389 educandis,
531 366 627 392 republica

88 395 228 418 constituenda,
242 396 261 415 in
271 396 351 420 negotiis
360 395 439 420 publicis
447 395 571 420 priuatisque,
581 400 628 414 con-

88 423 187 445 traffibus,
204 424 312 446 connubiis,
324 424 420 443 innumera
429 423 480 446 sunt,
496 429 506 442 a
514 423 584 443 iudicio
593 423 627 442 ali-

88 457 128 477 quo
139 452 237 472 hominum
250 452 340 477 profesta,
359 458 394 471 nec
407 456 468 471 tamen
481 452 506 471 ita
521 451 625 474 necessario,

88 481 135 505 quin
147 480 182 500 alia
190 481 262 500 ratione
270 481 334 500 eadem
343 481 429 500 constitui
437 479 547 505 potuiffent3
566 484 586 499 vt
600 483 627 499 ta-

89 515 133 529 men
147 508 213 529 cauffas
226 509 249 528 ab
265 509 319 528 initio
332 509 383 528 haud
398 509 494 531 obscuras,
516 509 539 527 ab
554 508 625 531 iisdem,

88 542 136 562 quae
146 537 210 562 paullo
222 541 264 557 ante
277 538 475 560 commemorauimus,
493 536 582 562 profeaas
594 537 626 556 ad-

88 565 140 585 fuiffe
149 566 262 585 credendum
274 565 304 589 sit,
319 566 387 591 quibus
396 566 426 585 sua
435 566 489 585 rebus
502 565 567 588 facies,
584 565 626 585 suus

88 593 162 614 habitus
171 594 282 614 indueretur.
312 594 359 614 Sunt
372 594 446 614 tandem
460 594 549 619 plurima,
577 599 626 619 quae

89 622 112 642 ad
121 628 179 642 meras
193 623 291 642 hominum
305 623 413 648 opiniones,
431 622 507 644 iudicia,
527 622 625 647 persuafioz

89 656 133 674 nes,
153 651 170 671 se
181 651 272 674 referunt,
291 651 344 676 super
359 651 413 670 rebus
425 651 500 676 quidem
511 650 625 670 naturalibus

89 685 191 705 earumque
199 679 272 702 cauffis,
285 680 338 705 super
346 684 409 699 natura
419 679 490 702 diuina,
510 685 572 698 reruni
588 680 626 699 ori-

89 708 134 733 gine
142 712 160 727 et
170 708 243 732 cauilis3
260 708 283 727 ad
295 708 346 734 qnod
359 714 418 733 genus
432 709 511 727 omnino
525 707 624 732 religiones

88 736 173 761 spessant.
203 736 241 756 Iam
249 743 272 757 ex
281 735 350 756 cunssis
358 736 395 758 his,
411 737 494 762 inprimis
503 736 569 755 vltimo
578 736 622 755 loco

88 765 249 788 commemoratis,
267 765 301 784 alia
313 765 361 784 vitae
375 764 460 787 siluestri,
477 764 511 784 alia
528 764 623 789 campestri

88 793 120 813 seu
136 794 245 816 nornadieo,
266 794 300 813 alia
313 793 420 812 hominibus
436 799 468 818 per
484 792 570 814 familias,
590 798 624 818 per

89 822 157 844 tribus,
178 828 210 847 per
223 823 284 845 vicos,
308 828 341 847 per
353 822 435 841 ciuitates
446 821 579 843 habitantibus,
605 824 624 840 et

90 849 124 869 ell'e
134 852 217 875 propria.
234 854 252 870 et
261 851 347 870 omnibus
357 851 375 869 in
389 850 435 869 locis
446 850 558 874 saeculisque
571 855 623 869 com-

89 879 152 898 munia
161 878 222 901 sume,
236 878 305 898 neceffe
313 879 348 901 est,
361 878 395 897 alia
404 879 423 897 in
431 878 468 898 hoc
475 878 537 901 caelo,
555 878 574 897 in
585 878 622 897 hoc

88 906 139 929 solo,
154 908 173 926 in
182 907 218 927 hoc
227 907 324 926 hominum
334 908 418 932 vitaeque
425 907 478 926 cultu
486 907 505 925 in
521 907 592 925 animos
604 906 622 925 se

89 935 188 955 infinuaffe.
213 935 284 955 Verum
292 937 310 954 in
320 935 347 954 his
356 939 392 954 tam
400 935 498 960 multiplex
507 938 525 954 et
534 934 622 960 perplexa

88 963 188 983 ‹auffarum
200 964 225 983 est
237 964 372 989 coagmentatio
384 967 402 983 et
413 963 506 985 confufio,
524 966 545 982 vt
557 966 575 982 et
587 962 623 982 dif-

88 991 142 1011 ficilis
152 992 173 1012 sit
182 993 305 1018 ambiguaque
316 998 379 1012 earum
391 992 485 1017 indagatio
496 995 515 1011 et
526 991 622 1011 obliterata

88 1020 127 1040 fere
138 1021 269 1046 obscuramque
286 1021 365 1046 vestigia.
402 1020 440 1040 Nin
453 1021 515 1045 itaque
528 1020 548 1039 in
559 1026 623 1040 rerum

89 1047 188 1073 geneflbus
206 1055 241 1068 nos
258 1050 395 1071 contineamus,
419 1049 450 1068 vix
463 1048 562 1068 commode
575 1049 623 1067 eius:

88 1077 141 1096 modi
149 1078 247 1103 disputatio
257 1079 298 1097 iniri
307 1078 375 1103 potest;
391 1083 438 1102 quae
449 1081 509 1096 tamen
524 1083 533 1096 a
546 1076 622 1102 lingulis

88 1106 178 1131 exemplis
186 1106 264 1126 arcellita
275 1106 307 1126 nili
318 1106 349 1129 sit,
369 1106 392 1125 ad
407 1111 452 1125 vana
466 1109 485 1125 et
497 1106 558 1125 inania
572 1105 621 1125 dela-

89 1134 143 1154 batur
153 1134 223 1154 neceffe
234 1135 264 1154 est.

595 1189 623 1210 Vt
