2496 4936
385 601 670 642 ““““““““
1007 610 1063 687 47

394 646 657 660 *ἢ*

40 777 291 893 Scriptum
316 799 443 864 autem
476 785 628 876 foedus,
647 784 848 888 petentibus,
883 778 1067 892 quantum

35 935 101 987 em
120 903 300 1005 assequi
318 902 426 988 licet.
453 901 632 989 Romanis,
662 927 746 979 nam
763 907 913 982 arbitrio
923 905 1068 983 Poeno·

48 1025 184 1123 leges
214 1017 446 1097 constitutas
471 1013 540 1091 esse
564 1016 758 1117 plerasque
785 1018 831 1094 ad
855 1019 1067 1118 intelliges.

35 1142 114 1218 tin
148 1132 343 1237 procliui
366 1131 425 1206 est.
484 1125 583 1206 Cum
604 1128 762 1218 Etrusci,
790 1135 904 1231 inque
922 1137 964 1209 iis
980 1132 1070 1210 Ciu-

35 1314 40 1342 ‚
89 1249 427 1349 Tarquiniorum
454 1245 544 1320 vrbe
575 1246 765 1344 pulsorum
791 1241 952 1323 caussam
968 1247 1074 1322 susci·

35 1382 119 1447 ent:
171 1360 386 1464 probabile
402 1357 442 1434 tit
457 1357 646 1437 Romanos
662 1358 895 1443 Poenorum.
922 1363 987 1460 qui
1004 1360 1072 1435 soii

35 1510 49 1559 1
88 1476 360 1559 Etruscorum
392 1474 525 1574 opibus
549 1489 586 1549 et
610 1477 727 1573 copiis
755 1477 945 1550 maritimis
975 1472 1074 1549 haud

35 1621 145 1696 pares
174 1605 309 1674 erant,
349 1590 543 1664 amicitiam
569 1610 612 1664 ac
637 1587 844 1668 societatem
861 1588 926 1665 fibi
943 1589 1074 1664 adiun-

35 1709 90 1793 se.
137 1705 325 1806 inprimis
357 1726 403 1779 eo
431 1701 605 1786 consilio,
652 1717 693 1776 vt
725 1706 802 1801 agri
833 1720 1072 1802 prouentum,

35 1851 105 1902 tem
130 1816 304 1899 Etruscis
330 1817 450 1891 adhuc
475 1815 633 1891 vendere
656 1814 753 1891 soliti
778 1833 900 1900 erant.
939 1814 1076 1894 exclusr

36 1956 88 2014 ter
113 1958 225 2012 arma
252 1932 297 2006 ab
324 1953 453 2005 eorum
482 1933 731 2014 commerciis.
771 1929 836 2029 ipsr
859 1935 899 2006 in
915 1928 1076 2007 Africam

35 2049 298 2128 ansueherent
367 2044 493 2134 Quam
521 2044 672 2143 quidem
697 2069 775 2121 rem
797 2047 965 2121 acerbam
984 2047 1078 2123 acci·

35 2190 87 2242 tte
105 2156 276 2241 debuisse
293 2154 450 2236 Etruscis
465 2175 626 2257 apparet.

121 2357 291 2438 Cautum
314 2377 401 2431 vero
426 2355 476 2430 est
497 2355 535 2429 in
553 2353 719 2432 foedere:

66 2502 95 2584 Ι.
131 2502 190 2579 Ne
214 2499 362 2576 Romani
381 2508 412 2573 et
435 2496 664 2574 Romanorum
682 2500 766 2602 socii
788 2495 1082 2577 vitromarum

35 2618 291 2695 uomomorium
318 2620 488 2709 nauigrrt,
528 2615 587 2717 m'st
610 2618 801 2716 tempestati}
820 2626 880 2693 aut
895 2614 1031 2715 bostium
1049 2617 1083 2691 ui

35 2732 140 2814 uastis
174 2732 229 2831 fin
251 2726 354 2803 coatb'
370 2729 517 2825 suerint,
554 2754 592 2802 ne
617 2732 688 2826 quir
714 2729 759 2803 ibi
779 2741 839 2806 aut
856 2742 1008 2805 mercetur
1023 2740 1084 2807 aut

35 2852 129 2947 upiat
157 2847 326 2942 quicquam
347 2853 480 2941 praeter
497 2837 666 2943 necessario
691 2845 866 2944 reficimdir
892 2845 1031 2922 nauibus
1054 2856 1085 2922 et

35 2963 117 3039 brrir
126 2957 309 3061 sacieudirr
334 2984 387 3032 mc
402 2956 490 3032 astra
505 2957 552 3034 V.
569 2958 634 3033 dict
648 2960 871 3036 commorandi
878 2961 919 3059 fit
926 2961 1084 3059 facultas.

133 3124 220 3203 Iam
244 3126 405 3224 primum
440 3121 514 3200 hoc
536 3122 652 3199 statim
678 3124 918 3202 memorabile
946 3128 984 3202 in
1013 3126 1087 3204 hoc

35 3241 171 3319 sordere
189 3240 360 3315 occurrit.
379 3237 482 3336 quod
499 3239 711 3339 exemplum
729 3242 767 3315 in
785 3265 831 3316 eo
849 3241 983 3342 prostat
992 3242 1090 3318 siber·

35 3360 101 3432 tatis
116 3352 298 3450 mitigandi
315 3352 589 3455 circumscriptae,
626 3353 795 3456 adeoque
812 3354 993 3431 seruitutis
1012 3379 1091 3433 nou

35 3468 243 3568 nauigaudi,
269 3490 378 3566 quam
396 3481 532 3542 vocant
544 3495 568 3564 p
574 3475 633 3565 p).
693 3471 923 3544 Promontorii
937 3470 1089 3568 quidem

35 3586 164 3660 Pasriri
180 3581 265 3659 situs
284 3604 362 3658 non
379 3578 460 3656 satis
476 3579 648 3660 definitus
669 3583 718 3658 est
733 3589 800 3683 q);
829 3607 876 3660 ex
892 3585 935 3660 iis
955 3600 1090 3670 tamen,

997 3722 1092 3798 quae

90 3857 157 3941 pp)
176 3851 220 3918 es.
238 3851 406 3917 Grotiuri.
424 3851 447 3915 Β
463 3850 543 3916 erc.
564 3868 620 3925 tt,
644 3869 683 3928 3,
706 3866 758 3930 ις.

92 3971 136 4053 q)
159 3965 204 4028 ue
219 3963 430 4026 Promontorio
443 3964 502 4025 boc
512 3959 647 4026 Pulchra
665 3964 742 4026 alter
758 3965 846 4050 iocus
861 3964 905 4030 est
919 3964 1018 4037 Liuii,
1039 3967 1095 4050 qui

143 4069 208 4111 reru
230 4048 304 4110 facit
328 4053 522 4128 ambiguam.
546 4049 599 4110 lib.
617 4047 743 4120 xxtx,
774 4066 825 4128 27.
850 4060 885 4112 vt
911 4051 948 4111 ed
973 4049 1094 4116 Vticam

142 4132 219 4196 istut
246 4132 441 4193 referentium
463 4128 522 4191 ess'e
537 4131 695 4204 rideatur3
717 4132 746 4192 id
762 4133 845 4213 quod
863 4133 983 4214 sequuti
1000 4136 1096 4196 etism

145 4216 215 4280 sunt
237 4215 292 4275 viri
313 4215 414 4286 dasii.
443 4213 602 4282 Cessat-ius,
625 4215 678 4294 qui
695 4225 799 4279 tamea
815 4217 940 4277 haerere
961 4215 989 4276 se
1005 4215 1097 4278 satias

144 4300 204 4371 est,
227 4311 259 4358 et
277 4295 384 4364 Suam,
400 4295 589 4360 (iustissimus
606 4297 780 4367 Britannus.
799 4299 949 4377 (Traueb
966 4322 994 4379 p.
1013 4303 1101 4379 142.)

144 4382 199 4467 qui
225 4381 476 4446 Pramautarium
497 4378 667 4448 castricium
698 4385 793 4447 etiam
817 4380 946 4446 Ptcicsrrr'
973 4385 1105 4528 ιιοιιιῐιιιῖῖ

991 4486 1061 4530 veut
