2496 4936
18 11 126 90 quae
149 11 206 63 au
243 1 367 85 rp'ao
399 1 461 63 ari
478 9 699 86 cognocere
717 1 881 88 cupiant,
919 15 967 66 ιε

0 140 9 167 <
37 100 284 202 praesentire
297 98 363 177 fibi
386 98 597 192 videantur,
625 114 739 200 vtque
756 117 880 179 motus
895 101 966 180 hoo

23 215 338 294 vehementiores
365 215 582 314 potionibus
607 211 775 319 Cassaoae
791 216 968 295 aliorum·

16 332 181 406 inomnr
215 340 291 404 arte
323 327 499 405 sartorum
530 326 596 405 fibi
623 325 805 427 arcessant
883 328 965 409 Hac

0 479 30 505 ··
72 442 200 520 fraudi
223 441 423 542 praestigiis
448 440 623 544 doloque·
643 441 744 520 malo
767 457 889 543 parata
912 444 965 521 est

36 554 89 634 ln
121 555 336 654 Mingreliis
371 557 434 632 vix
459 554 562 631 sensu
584 559 775 633 communi
809 555 967 656 praediti

0 709 4 732 1
42 693 175 747 rerum
208 672 379 747 omnium
405 669 637 768 ignoratione
663 668 845 746 notabiles
867 669 963 763 suot,

6 809 40 861 'r
64 806 181 883 quam
202 783 307 884 quod
327 795 442 859 artem
465 782 700 883 praedicendi
716 783 840 862 futura
853 780 966 888 profi.

36 893 228 1002 (andin.
243 895 315 975 To.
331 894 361 973 1.
376 919 412 997 p.
427 889 512 1000 69).

5 1123 73 1205 Est
96 1125 245 1204 tandem
264 1125 369 1204 locus
383 1126 670 1225 comparationis
686 1136 725 1204 et
739 1125 838 1203 vtilis
857 1138 895 1205 et
906 1115 965 1205 ir't·

24 1243 94 1317 sin
109 1241 188 1340 ipso
195 1237 382 1340 progressu
394 1243 490 1316 vitae
505 1253 543 1317 et
557 1241 826 1338 opinionumin
841 1239 966 1319 diuer-

0 1353 122 1455 pulis
138 1377 157 1429 a
175 1353 315 1431 feritate
335 1354 381 1431 ad
404 1355 548 1431 cultum
567 1353 777 1445 meliorem,
809 1357 850 1432 in
866 1353 965 1432 mul·

0 1472 82 1544 ‘am
106 1467 153 1545 ad
167 1468 240 1567 ipsa
257 1466 563 1568 philosophorum
579 1463 732 1566 placito,
761 1469 887 1546 autad
905 1491 962 1546 at·

12 1606 58 1659 ac
72 1581 302 1659 scientiarum
318 1581 498 1658 elementa
516 1604 559 1657 ac
571 1583 759 1681 principia.
794 1580 961 1660 Saltatio

2 1697 76 1775 bus
100 1697 260 1773 barbaris
285 1698 492 1774 communis
517 1695 566 1773 est
590 1697 630 1769 in
651 1693 747 1773 sestis
762 1716 805 1773 ac
826 1695 961 1772 sollen-

37 1815 161 1888 omnis
189 1812 332 1909 generis
366 1811 478 1886 etiarn
509 1806 696 1907 religiosis.
780 1807 827 1887 At
861 1808 959 1910 apud

25 1949 63 2000 ·s
88 1947 130 2000 ea
153 1923 304 2002 deducta
327 1925 376 2000 est
399 1922 445 1999 ad
461 1922 565 2000 chori
580 1943 753 1999 numeros
768 1946 810 1999 ac
824 1923 957 2000 modos

0 2062 100 2128 nes,
134 2038 222 2114 hinc
245 2037 290 2115 ad
318 2036 451 2115 drama.
517 2034 591 2115 Res
615 2034 804 2113 carissimas
827 2036 960 2115 offerre

19 2176 63 2230 os
89 2151 233 2229 honore
248 2148 390 2229 afficere
409 2150 519 2242 velis,
547 2147 727 2250 plerisque
744 2151 902 2227 barbaris
919 2152 959 2226 in

35 2267 201 2343 habetur.
283 2262 454 2342 Processit
488 2264 574 2340 inde
607 2288 671 2340 mo

22 2380 56 2414 Jg
76 2403 119 2414 -..
139 2379 274 2414 stine..-
306 2383 315 2414 .·
340 2403 377 2414 ..,.
485 2379 492 2394 ’

674 2288 690 2341 s
726 2265 957 2365 populorum

283 2379 301 2414 J
381 2376 626 2414 ,.,.,.....,.Γ,...,.
640 2380 824 2414 ...Ξ-ΛΞ.-.
877 2403 940 2414 .....
