2580 4996
475 582 755 643 ω
1067 591 1144 668 133

78 789 135 842 res
166 766 206 842 et
232 763 461 844 Theudorici
482 764 596 867 Regis
619 768 727 846 verba
751 766 849 868 apud
879 763 1147 855 Caffiodorium

28 932 30 970 ,
79 880 298 974 admittunt;
336 903 497 984 namque
513 885 543 958 is
563 905 641 958 non
657 883 772 960 modo
790 885 984 975 comitem,
1014 908 1145 965 verum

82 1007 117 1069 et
144 997 352 1095 principem
377 996 572 1094 legationis
600 1010 780 1074 memorat
795 993 1061 1074 Caffiodorium
1080 1024 1145 1099 pa·

83 1121 175 1183 trem
206 1132 292 1184 cum
329 1107 425 1186 Aetii
450 1107 529 1186 lilio
555 1105 784 1211 Carpilione,
824 1124 861 1187 et
887 1135 1037 1187 onmem
1063 1113 1143 1190 lue-

84 1217 214 1298 cellum
235 1224 313 1298 eius
329 1225 549 1300 constantiae
567 1236 605 1301 et
618 1225 798 1301 sollertiae
818 1224 954 1315 tribuit.
973 1224 1020 1316 l)
1078 1224 1143 1301 At-

85 1336 182 1410 tilam
208 1358 360 1435 quoque
382 1338 491 1413 abeo
511 1336 618 1424 loco,
648 1363 726 1439 quo
742 1335 959 1415 Pontificem
978 1341 1017 1413 in
1037 1338 1143 1417 suum

86 1448 310 1546 oonlpetlum
337 1450 469 1528 adduci
493 1449 655 1549 itlllerat,
692 1456 730 1528 in
757 1452 909 1529 Aemilia
936 1452 980 1529 ad
1007 1451 1143 1530 Mincii

87 1561 285 1652 transitum,
308 1567 347 1656 i)
372 1562 476 1640 Italia
493 1562 669 1642 excellille
683 1566 760 1642 latis
779 1567 936 1660 constat;
965 1565 1039 1655 e'tfi,
1067 1590 1142 1665 qua

88 1682 141 1751 tia
161 1677 325 1767 redierit,
363 1701 440 1755 non
468 1681 583 1778 magis
604 1693 746 1767 teneas,
792 1704 901 1780 quam
930 1683 1065 1780 quibus
1092 1679 1139 1757 de

87 1786 204 1866 cauffis
228 1790 384 1868 redierit.
453 1791 550 1872 Nam
577 1789 714 1869 Leonis
744 1808 806 1869 aut
825 1795 1040 1893 dignitatem
1065 1787 1146 1870 orii⁴

86 1916 144 1980 aut
172 1905 422 2005 eloquentiam
456 1919 595 1984 tantam
628 1909 702 1983 vim
728 1907 772 1984 ad
803 1909 944 1984 barbari
975 1910 1139 1985 animum

28 2088 29 2095 t
83 2015 261 2107 habuille,
298 2023 437 2096 nemini
460 2019 567 2096 sacile
590 2021 798 2120 persuaserit
819 2019 990 2120 Prosper,
1017 2020 1138 2097 multo

81 2135 201 2207 minus
231 2131 355 2209 autlor
384 2133 624 2211 miscellarum
648 2134 887 2215 historiarum.
946 2133 1002 2210 Ad
1018 2133 1141 2233 super-

78 2247 251 2335 ilitionis,
290 2249 419 2323 animis
449 2245 661 2325 Gothorum
691 2248 895 2336 insidentis,
937 2251 1012 2324 vim
1032 2270 1141 2323 reuo-

79 2373 135 2435 cat
158 2382 217 2445 ea,
257 2361 470 2458 quaefacta
503 2361 604 2451 lunt,
656 2360 877 2449 lornandes,
925 2361 1140 2460 etquidem

75 2470 217 2561 Prisco,
257 2475 321 2573 qui
345 2488 425 2550 tum
448 2476 560 2565 vixit,
597 2475 751 2553 auclore.
775 2469 823 2575 l)
879 2473 961 2552 Nec
983 2477 1138 2551 omnino

76 2586 127 2663 est
158 2587 421 2687 improbabile,
480 2612 560 2665 eam
594 2604 671 2666 tum
710 2592 807 2665 vrbis
840 2586 980 2666 Romae
1014 2588 1141 2665 haberi

633 2700 652 2779 l
688 2727 704 2797 3
987 2700 1142 2802 potuilse

138 2859 187 2940 h)
209 2877 256 2938 ap.
272 2854 492 2922 Celfiorlorinrn
509 2859 533 2923 l.
548 2858 621 2924 Ver.
637 2860 716 2941 Eup.
729 2880 757 2935 4.
808 2858 872 2924 Etsi
888 2858 951 2942 ipse
965 2843 1092 2921 Called.
1110 2857 1143 2921 in

194 2943 339 3004 euronio.
350 2941 543 3007 Herculanus
551 2951 579 3005 el
586 2941 780 3025 Asporulius.
791 2946 899 3023 (452.)
922 2941 984 3006 Hit
994 2939 1069 3026 Coffl
1081 2938 1143 3004 Al-

193 3025 248 3088 tilu
267 3024 483 3108 redintegratis
501 3024 620 3090 uiribus
633 3023 809 3111 Aquileiam
823 3045 938 3109 magra
951 3027 982 3088 ui
999 3024 1144 3088 dimicans

193 3111 350 3188 iutroiuil;
380 3131 447 3175 cum
470 3130 529 3193 quo
550 3129 570 3174 o
592 3107 800 3175 Valentiniano
815 3108 893 3191 Imp.
910 3109 1002 3192 Papo
1018 3106 1080 3171 Leo
1094 3105 1141 3171 di-

195 3188 294 3255 relius
314 3212 416 3275 pacem
436 3193 530 3273 sctit:
563 3205 614 3269 vt,
644 3195 746 3256 saltem
769 3193 886 3274 aliquae
905 3191 1020 3255 Leonis
1042 3204 1143 3271 parter

193 3275 226 3337 in
250 3295 286 3338 ee
309 3277 465 3355 legatione
487 3274 592 3353 fuisse,
632 3279 763 3340 dubitari
790 3284 932 3421 neRueet.
993 3272 1084 3338 Celltt
1107 3293 1144 3335 ea

194 3357 249 3436 ipsi
272 3378 400 3441 magnae
423 3361 520 3431 laudi,
564 3381 634 3423 uem
659 3377 691 3422 et
710 3361 740 3424 in
765 3360 822 3439 Epi
850 3360 899 3420 ola
923 3357 1145 3437 episcoporum

196 3441 339 3539 Orientie
356 3445 391 3503 ad
407 3442 626 3541 Symmachum
643 3465 670 3508 e.
689 3461 760 3522 512.
775 3455 939 3506 reuocetur
951 3439 1067 3506 Leouie
1078 3439 1146 3511 ,eir-

197 3534 248 3587 tue
262 3537 294 3587 et
310 3541 408 3603 preter
423 3546 454 3588 tn
475 3527 622 3591 animum.

147 3637 181 3719 i)
207 3631 276 3719 Quo
291 3632 431 3701 Marcius
442 3637 474 3700 iu
491 3635 616 3704 Padum
630 3634 739 3722 influit.
758 3615 836 3701 Hist.
847 3633 973 3700 miscell.
993 3633 1015 3698 1.
1024 3654 1052 3698 c.
1076 3630 1146 3702 Effe

198 3719 608 3869 leoleeuzivssioggstlioveruolo
632 3719 750 3785 ditium
777 3719 1055 3791 inlitteratum,
1089 3717 1146 3778 do·

147 3912 188 3993 l)
207 3911 373 3976 lornandee
392 3913 414 3976 l.
430 3934 456 3977 c.
475 3934 503 3978 c.
521 3931 572 3995 42.
628 3911 786 3997 Quumque
810 3911 853 3977 ud
874 3910 1002 3977 Remum
1026 3914 1148 3977 auiinus
1176 3974 1178 3980 .

192 3993 300 4093 suiffel
319 3997 385 4061 eius
407 3998 571 4076 (Attilae)
592 4006 725 4060 attentus
749 3996 896 4066 accedere,
922 3997 1078 4078 fuirum,
1111 4002 1144 4056 vl

91 4131 93 4136 .
202 4078 327 4155 Priscus
344 4079 437 4160 refert
457 4078 625 4160 hillericus,
658 4099 807 4143 remouere
814 4101 826 4156 ;
849 4079 1002 4151 nourrii,
1025 4081 1071 4143 cui
1088 4080 1145 4140 iui-

201 4165 268 4224 r'ru'ci
290 4172 393 4234 naut,
422 4159 615 4246 consulentes,
636 4163 691 4246 sed
710 4162 827 4227 Alarici
847 4161 999 4246 quondum
1019 4160 1090 4243 Vesr
1114 4184 1147 4222 ο·

196 4245 324 4313 ‚litorum
336 4251 419 4332 regis
432 4249 597 4312 obiicienles
612 4248 795 4329 exemplum:
820 4249 907 4310 veriti
923 4248 1006 4328 regis
1012 4246 1064 4328 sui
1081 4182 1146 4313 lgr-

94 4386 103 4397 ,
186 4337 324 4403 lurtum,
355 4334 427 4415 quia
448 4333 496 4396 ille
516 4332 580 4418 poss
598 4330 733 4411 seusium
752 4329 884 4394 Romam
897 4331 958 4393 -diu
975 4350 1033 4393 uon
1040 4328 1148 4413 supet·-

203 4413 409 4497 vixerut,'sed
420 4415 669 4497 protiuusrebus
686 4413 800 4503 exedit
814 4410 963 4479 humanis·
1178 4412 1181 4421 '
