2580 5086
467 430 749 491 εἰπε-ιε
1026 409 1136 502 w535⁷

9 605 43 697 ’γ
75 603 175 697 sum,
215 614 281 683 aut
302 600 497 713 sententiae
523 603 765 705 pertinacem,
811 600 960 682 consilia
982 596 1138 681 meliora'

9 757 23 809 ς
76 720 191 797 iniis
226 741 321 820 quae
354 716 504 818 sequuta
535 717 618 794 sunt
646 739 724 794 non
749 714 938 795 admisisse:
978 737 1074 818 quae
1096 725 1137 802 vt

9 878 26 927 ,
76 829 283 909 excusanda
302 829 414 921 sunt,
457 827 675 929 fireputes,
727 850 842 929 quam,
862 827 973 907 ardua
989 851 1054 905 wres
1077 826 1133 918 sit,
1217 877 1221 890 ·

9 995 21 1040 ,
73 943 225 1034 tettan,
261 964 371 1044 quam
394 944 459 1042 per
474 939 632 1020 LXXX
660 964 776 1019 annos
799 943 839 1019 in
860 965 935 1042 rep.
957 939 1132 1042 sequutus

9 1111 16 1157 ,
74 1055 139 1145 sis,
184 1058 337 1151 eierare;
376 1078 456 1133 non
477 1069 599 1132 tamor
621 1053 891 1155 inprudentiae
912 1053 1153 1132 etmoderm

73 1171 187 1249 tionis
219 1168 327 1248 laude
362 1168 488 1245 haberi
516 1164 673 1269 possunt
745 1165 934 1269 Antipater
965 1168 1129 1244 moriens

71 1278 159 1382 (Oh
173 1276 295 1371 CXV,
319 1306 355 1363 a.
385 1293 468 1359 ante
484 1276 517 1357 C
536 1276 638 1383 319)
651 1279 850 1380 generoso,
883 1293 923 1358 vt
937 1279 1129 1381 probabile

71 1392 134 1485 sit,
181 1393 355 1483 confilio,
401 1390 597 1470 Cassandro
633 1396 849 1494 praeterito,
895 1392 1046 1473 tutelam
1071 1414 1130 1477 re·

69 1530 181 1608 gum,
219 1505 363 1584 Aridaei
382 1504 443 1584 seu
467 1503 630 1605 Philippi
658 1517 695 1582 et
709 1505 933 1613 Alexandri,
962 1529 1047 1584 eum
1064 1505 1128 1583 ad·

69 1619 331 1698 ministratione
354 1620 460 1718 regni
483 1618 529 1696 ad
552 1615 900 1719 Posysperchontem
931 1618 1125 1710 detulerat,

68 1735 191 1810 virum
217 1755 341 1810 rerum
363 1731 427 1810 vsu
443 1744 481 1809 et
495 1733 601 1809 annis
619 1733 858 1831 prudentem,
884 1732 945 1811 sed
959 1728 1127 1831 generoh

70 1837 191 1923 sensus
215 1858 423 1946 expertem,
474 1843 520 1922 ad
544 1843 689 1922 miseras
718 1858 811 1923 artes
834 1857 872 1923 et
891 1846 1037 1924 fraudes
1061 1843 1126 1949 ab·

69 1956 229 2058 jesium,
291 1979 362 2035 nec
400 1957 506 2057 regni
547 1954 610 2033 sed
651 1957 733 2034 suae
776 1957 881 2035 saluti
924 1959 1121 2035 intentum.

73 2065 265 2148 Cassander
286 2091 393 2170 aegre
418 2069 539 2147 serens
561 2067 597 2148 se
620 2092 641 2147 a
662 2072 784 2170 primo
803 2069 920 2169 gradu
941 2068 1122 2151 deiestum

68 2181 117 2261 de
146 2182 393 2282 recuperanda
424 2175 600 2282 dignitate
632 2180 781 2261 consilia
809 2185 913 2278 iniit3
960 2205 1122 2284 cumque

68 2293 243 2373 Graeciae
263 2295 429 2372 ciuitates
448 2296 580 2396 partim
608 2292 790 2397 praesidiis
817 2297 976 2396 paternis
994 2297 1122 2387 teneri,

63 2409 198 2508 partim
223 2406 387 2516 hospitiis
412 2419 450 2486 et
471 2408 639 2486 amicitiis
658 2405 991 2509 patris'voluntates
1008 2405 1122 2486 Grae·

62 2543 193 2600 corum
228 2518 294 2599 fibi
322 2520 402 2598 sore
433 2518 617 2598 deuindas
646 2520 819 2621 speraret:
860 2518 1032 2599 Graeciae
1057 2522 1122 2600 isle

62 2634 186 2734 primo
219 2631 306 2711 loco
327 2633 532 2725 imminuit,
577 2631 745 2735 mitisque
764 2633 1031 2727 Nicanorem,
1054 2635 1122 2734 qus

62 2743 237 2844 Menyllo
255 2747 294 2821 in
303 2743 526 2846 Monychiae
535 2744 754 2845 praesesiura
768 2746 984 2826 succederet.
1012 2744 1122 2823 Nun-

65 2858 153 2936 tiata
174 2879 268 2934 mox
294 2855 454 2936 Athenas
470 2855 651 2958 Antipatri
676 2872 814 2949 morte,
851 2857 980 2939 exarsit
999 2881 1121 2959 popu·

66 2969 126 3051 sus
158 2972 198 3047 in
220 2966 466 3062 Phocionem,
507 2969 683 3071 deditque
707 2972 870 3063 crimini,
905 2972 1011 3070 quod,
1047 2997 1120 3048 cum

56 3080 171 3188 sodet
193 3078 264 3187 effes
285 3108 324 3160 eo
345 3080 385 3161 de
403 3109 440 3161 re
453 3079 590 3172 emtor,
617 3084 795 3163 Memoris
811 3088 926 3183 grosse
942 3079 1120 3183 reticuiffrt.

67 3194 170 3273 Ha'ec
205 3193 280 3297 ipse
308 3192 523 3274 Plutarchus
552 3192 574 3295 (
583 3220 619 3296 p.
639 3219 716 3293 755
757 3210 850 3275 extr.
874 3192 998 3293 756),
1045 3195 1120 3275 hoc

66 3307 266 3399 adiiciens,
313 3307 457 3409 agendo
482 3323 519 3387 et
544 3307 797 3412 cottoquendo
820 3332 907 3388 cum
934 3309 1121 3388 Nicanore

64 3417 292 3500 Phocionem
305 3445 390 3500 eum
405 3421 551 3500 facilem
567 3436 605 3500 et
619 3424 822 3524 benignum
841 3421 1134 3509 Atheniensibus·

61 3531 274 3635 praebuisse.
338 3530 442 3614 Haec
468 3533 619 3638 quidem
646 3535 743 3636 gesta
767 3532 920 3638 Olymp.
938 3532 1060 3626 CXV,
1082 3559 1119 3613 a.

64 3658 150 3729 ante
172 3636 215 3725 C.
232 3644 282 3724 N.
307 3669 398 3745 319·

174 3868 470 3975 Polysperchon,
497 3869 682 3953 Cassandri
695 3872 1120 3977 contiliartdiscuteret,

11 4020 14 4036 ·
62 3979 239 4065 Graeciae
276 3987 486 4064 ciuitatibus
521 3986 726 4065 libertatem
758 3987 977 4089 popularem
1002 3985 1124 4063 osten-

65 4094 171 4192 dere,
211 4095 358 4217 hocque
375 4100 480 4210 passo
502 4121 703 4291 paucorum
723 4104 769 4312 ab
785 4101 976 4201 Antipatro
992 4096 1153 4287 cssffi‘
