2580 4996
169 690 247 785 aas
553 709 844 770 ····---··-·-·-·‘

165 919 256 980 vero
276 897 353 977 hoc
371 895 417 974 de
435 895 627 974 animabus
640 893 752 973 siccis.
811 883 909 971 Nam
927 895 1039 973 etiam
1056 891 1165 975 Zeno
1181 915 1231 974 ex

165 1013 276 1115 ignea
305 1007 525 1089 subtilissima
545 1012 695 1089 materia
720 1007 878 1085 animam
904 1011 1010 1108 gigni
1034 1010 1231 1087 statuebat:
1281 1029 1285 1074 1

164 1131 271 1227 ignem
294 1122 350 1231 effe
374 1126 478 1227 ipsam
499 1136 655 1203 nentrum
682 1145 764 1222 qnae
784 1120 921 1221 quidque
935 1127 1082 1220 gigneret
1096 1135 1128 1199 et
1143 1151 1236 1201 men·
1286 1178 1287 1189 η

164 1252 229 1320 tem
244 1239 457 1344 niquesensns
476 1241 490 1314 i
497 1232 530 1338 ).
588 1235 672 1315 Nec
686 1246 888 1337 repugnat,
918 1236 1021 1337 qnod
1037 1235 1099 1313 alii
1116 1235 1233 1316 Stoici

163 1355 332 1457 spiritum
356 1352 415 1430 vel
438 1375 558 1430 aerem
582 1350 752 1428 laudant:
780 1351 831 1428 est
846 1351 946 1428 enim
963 1346 1237 1454 πνεῢμωῖνθιρ-

166 1496 250 1567 μον,
284 1466 344 1545 vel
363 1480 405 1543 vt
419 1464 517 1567 apud
537 1462 819 1543 Theodoremm
834 1460 882 1565 le)
897 1462 1117 1554 masuarinsi
1133 1464 1237 1558 φύσις·

166 1579 343 1660 πλάστου
366 1578 575 1673 perizoma
588 1575 654 1653 τοῦ
668 1577 820 1680 θερμοῦ.
878 1575 998 1678 Igitur
1016 1592 1054 1654 et
1073 1579 1138 1680 ipfi
1154 1583 1234 1658 ani-

42 1782 43 1786 ,
168 1704 269 1773 inam
291 1690 358 1770 effe
379 1689 624 1785 ἀναθυμίασιν
655 1691 877 1783 statuebant,
924 1713 1078 1792 eamque
1102 1695 1235 1794 colligi

165 1804 402 1886 suboliffimis
430 1803 620 1906 particulis
656 1827 703 1882 ex
728 1805 850 1885 calido
876 1803 1034 1884 humore
1056 1806 1235 1886 exhalatis

168 1919 232 1999 seu
256 1934 372 1997 terrae
403 1931 440 1995 et
462 1942 578 2020 aquae
598 1918 661 1995 seu
676 1922 840 2019 corporis
859 1934 897 1995 et
915 1918 1117 2018 sanguinis:
1145 1946 1235 2002 nam

166 2037 207 2113 in
231 2035 305 2112 hoc
332 2045 396 2111 aut
419 2031 564 2109 varialle
581 2044 645 2109 aut
661 2044 859 2132 utrumque
876 2033 1028 2109 iunttim
1046 2031 1242 2113 assumsisse

167 2148 350 2225 videntur.
418 2145 519 2224 llaec
543 2160 664 2223 autern
688 2159 727 2223 vt
750 2146 995 2237 declararent,
1019 2146 1103 2248 ipfis
1116 2147 1236 2230 Hera·

168 2258 253 2344 oliti¹
267 2263 386 2339 verbis
405 2261 507 2361 saepe
526 2257 575 2336 vfi
591 2257 684 2337 sunt.

280 2484 423 2564 Verum
447 2485 648 2564 videndum
664 2475 713 2564 est
733 2486 824 2587 quid
846 2489 884 2565 in
903 2487 978 2565 hoc
992 2487 1088 2566 dido
1109 2486 1149 2566 de
1161 2493 1239 2570 nni·

169 2596 283 2678 indus
301 2605 392 2704 finis
417 2601 490 2700 ipse
506 2599 712 2679 Heraclitus
730 2600 894 2678 senserit:
920 2605 957 2678 in
975 2625 1052 2702 quo
1069 2604 1236 2702 quidem,

171 2734 258 2792 cum
283 2739 304 2790 a
334 2713 556 2814 philosopho
586 2714 683 2814 ipso,
728 2737 821 2813 quae
842 2714 1026 2817 discipulis
1047 2718 1237 2818 proposita

169 2825 260 2916 fuit,
288 2829 541 2927 interpretatio
555 2827 600 2905 ad
617 2851 686 2906 nos
704 2826 806 2906 nulla
822 2833 1042 2928 peruenerit,
1071 2830 1148 2908 duo
1159 2856 1239 2910 ma·

171 2943 272 3016 xime
295 2942 395 3028 sunt,
433 2964 526 3041 quae
553 2940 652 3043 sequi
678 2939 782 3018 licet:
817 2946 980 3043 primum
1003 2959 1043 3021 vt
1066 2944 1238 3047 exsyste-

170 3066 287 3144 mate,
333 3056 499 3155 adeoque
528 3079 576 3132 ex
604 3054 847 3132 doslrinarum
873 3057 1019 3147 indole,
1068 3081 1170 3135 nexu
1198 3073 1238 3138 et

170 3168 322 3258 ordine,
366 3193 553 3260 eruamus,
593 3169 682 3268 quid
711 3168 784 3267 ipse
804 3167 940 3246 sensrlle
961 3169 1077 3247 videri
1092 3173 1238 3266 debeat,

170 3292 251 3359 tum
278 3307 323 3359 an
352 3284 448 3360 sorte
472 3286 568 3371 eius,
597 3282 701 3382 quod
716 3282 878 3372 senserit,
905 3285 944 3358 in
963 3285 1041 3360 aliis
1059 3288 1135 3363 eius
1156 3309 1238 3365 ver.

169 3383 227 3471 bis
244 3398 433 3495 vestigium
449 3396 622 3493 indagare
637 3395 754 3472 liceat.
814 3394 911 3487 Iam,
937 3411 977 3472 vt
995 3401 1164 3477 omnium
1180 3425 1238 3478 re-

169 3531 252 3584 rum
269 3513 492 3610 principium
508 3508 571 3586 ille
587 3512 774 3584 materiam
790 3512 936 3608 igneam
946 3513 1144 3604 constituit,
1161 3515 1240 3596 hoc

171 3622 241 3711 est,
273 3622 376 3711 (etsi,
408 3646 502 3722 quae
522 3624 627 3699 notio
643 3623 719 3697 eius
736 3625 859 3700 animo
877 3625 1063 3702 obuersata
1079 3626 1138 3716 fit,
1168 3653 1235 3706 ne·

168 3757 234 3813 mo
258 3735 507 3813 indubitanter
535 3732 729 3812 affeuerare
748 3734 884 3833 ausit,)
914 3743 1101 3816 materiam
1123 3742 1238 3819 subti-

169 3845 352 3940 lissimam,
405 3848 640 3938 lenissimam,
688 3848 932 3941 celerrimam,
981 3853 1101 3952 qualis
1126 3856 1237 3954 ignea

1164 3967 1235 4049 elie

230 4230 265 4310 i)
285 4230 346 4295 Cic.
364 4233 458 4296 Aead.
477 4233 538 4311 Qu.
555 4231 586 4307 Ι,
611 4237 664 4308 rr,
689 4249 741 4313 ap.

230 4361 272 4446 s)
291 4364 344 4428 lib.
363 4366 401 4434 V.
420 4371 455 4431 sd
479 4369 596 4434 Gentes
613 4388 643 4449 p.
655 4375 727 4441 822.
748 4368 785 4432 ed
800 4366 927 4435 Schola.
945 4371 1037 4449 Apud
1051 4369 1171 4440 Nemes.
1192 4375 1233 4437 de

167 4497 170 4506 .
276 4447 347 4513 Nat,
376 4452 463 4517 hum.
487 4474 515 4518 c.
531 4470 562 4519 2.
586 4451 705 4520 πνεῦμα
719 4447 863 4535 ἔνθερμον
879 4451 928 4517 καὶ
943 4454 1082 4535 διάπυρον
1099 4455 1142 4524 cf.
1165 4458 1235 4527 Tie-

278 4527 416 4600 dtmann.
430 4533 513 4624 Syst.
527 4533 632 4622 psillos.
647 4534 739 4602 Stoic-
756 4535 798 4604 Τ..
810 4535 852 4604 ΙΙ.
870 4557 902 4622 p.
916 4543 995 4620 146·
1005 4555 1078 4625 152.
