2580 4996
65 857 138 910 mm
161 834 298 933 premi
325 827 426 932 poffe
449 831 597 920 vrbem,
633 853 681 907 ex
705 853 778 930 qna
805 853 868 909 eae
890 834 1056 912 exierant
1070 830 1136 935 f).

67 946 106 1022 At
126 961 240 1023 metu
257 948 364 1023 omni
381 967 471 1022 mox
484 943 647 1050 sublato,
677 941 804 1021 Caesar
819 959 856 1023 et
872 944 1051 1047 Augustus
1069 943 1136 1047 pe't

68 1057 281 1160 Hispanias,
312 1057 471 1147 Gallias,
498 1057 775 1148 Macedoniam,
806 1057 923 1135 Afiam
941 1072 979 1136 et
994 1059 1135 1160 Syriam

72 1173 234 1273 aliasque
262 1174 472 1272 prouincias
498 1194 673 1270 magnum
690 1171 922 1249 coloniarum
937 1195 1135 1253 numerum

73 1289 360 1375 constituerunt,
404 1287 634 1384 omninoque
663 1297 763 1361 tanta
793 1308 915 1362 rerum
942 1284 1134 1363 conuersro

73 1399 250 1489 fuecessit,
289 1414 329 1475 rt
350 1422 488 1476 nornen
519 1398 611 1474 adeo
629 1412 667 1473 et
693 1400 770 1474 iura
788 1399 1019 1477 coloniarum
1035 1411 1136 1498 pete-

76 1529 150 1590 rent
173 1527 213 1589 et
235 1516 443 1612 acciperent
463 1514 568 1590 vrber
591 1513 630 1586 in
650 1515 850 1611 prouinciis
868 1506 933 1612 g).
990 1509 1134 1592 Verum

74 1626 159 1704 haec
182 1631 330 1706 notiora
345 1626 429 1704 sunt
442 1648 554 1724 quarn
571 1639 612 1700 vt
628 1649 668 1700 ea
685 1626 867 1725 copiossus
886 1624 1054 1727 persequi
1069 1649 1133 1702 ne-

77 1737 160 1817 cesse
181 1739 247 1834 fit3
276 1763 345 1816 nec
361 1740 407 1816 de
425 1739 583 1816 coloniis
600 1738 817 1816 militaribus
837 1743 1065 1818 mentionem
1079 1740 1133 1818 fa·

75 1857 222 1943 ciamus,
241 1877 334 1954 quae
351 1854 395 1931 ad
413 1854 571 1930 nostram
586 1851 867 1952 disputationem
884 1877 962 1931 non
978 1854 1128 1936 faciunt.

181 2049 345 2152 Imperio
369 2054 481 2151 igitur
504 2073 547 2128 ac
568 2063 669 2128 metu
685 2051 849 2129 colonias
868 2054 1132 2131 continuerunt

74 2161 252 2255 Romani,
287 2167 349 2241 vbi
377 2190 462 2242 cum
484 2167 642 2241 maxime
664 2189 722 2241 eas
740 2167 778 2239 in
798 2163 975 2265 obsequio
994 2164 1037 2243 ac
1057 2164 1130 2246 fide

73 2281 274 2369 retinuere:
302 2280 414 2378 idque
429 2278 551 2355 multo
569 2280 683 2377 magis
699 2276 923 2355 intelleiium
937 2279 986 2355 est
1001 2278 1131 2356 aduer-

73 2390 114 2468 [is
137 2394 228 2492 reip.
257 2393 503 2491 temporibus3
547 2417 632 2468 nam
656 2392 886 2468 coloniarum
909 2390 1129 2470 d'esefflonei

74 2529 158 2582 cum
190 2509 318 2582 ceteris
340 2502 435 2581 Latii
459 2519 496 2582 et
517 2503 640 2583 Italiae
659 2505 763 2581 sociis
779 2519 1028 2583 memorantur
1047 2505 1131 2606 plu·

75 2642 150 2712 res;
183 2633 225 2694 vt
245 2618 324 2695 satis
349 2631 555 2718 appareret,
594 2643 672 2696 non
696 2617 896 2696 admodum
920 2642 978 2696 eas
1002 2621 1042 2695 in
1065 2618 1128 2696 sua

75 2731 289 2809 conditione
310 2747 347 2808 et
368 2734 459 2809 statu
482 2733 548 2821 iibi¹
579 2732 739 2832 placere,
784 2730 849 2808 nifi
875 2734 929 2809 vis
946 2756 987 2808 ac
1006 2747 1128 2810 metus

73 2845 351 2923 circumflueret„
416 2844 500 2923 Nec
520 2868 608 2922 vero
632 2869 708 2921 non
727 2844 920 2944 indignum
938 2846 1052 2922 videri
1067 2845 1130 2927 de·

75 2959 154 3035 buit
184 2960 346 3049 colonis,
389 2959 424 3036 se
456 2961 611 3036 ciuitatis
643 2961 722 3034 iure
746 2961 891 3057 potiore
917 2955 984 3035 effe
1009 2960 1129 3058 priua-

75 3084 150 3164 tos,
180 3067 230 3176 h)
249 3086 285 3151 et
305 3085 446 3151 tantum
463 3095 542 3150 non
557 3075 672 3264 capilpe
690 3071 917 3150 deminutos:
941 3072 1029 3149 hinc
1044 3072 1130 3149 odia

685 3211 712 3283 4
1003 3198 1131 3262 mutua

126 3344 175 3428 s)
193 3342 260 3424 lpse
275 3341 387 3420 Vellei.
404 3341 582 3417 poterell,
612 3357 663 3420 15.
684 3341 764 3404 hanc
785 3339 936 3404 rationem
950 3339 1058 3404 afferre
1071 3360 1130 3424 pu·

184 3427 305 3490 tendor.
354 3427 446 3502 Quod
463 3426 506 3488 ibi
522 3424 691 3490 ediestum:
708 3432 742 3488 ut
754 3426 834 3489 cirus
848 3423 1000 3488 amans
1012 3423 1055 3491 ad
1065 3444 1131 3490 cen·

175 3507 305 3593 findam
320 3529 359 3575 rx
412 3510 533 3573 ouindir
544 3511 577 3573 in
594 3508 716 3574 Itaiiam
729 3509 949 3580 renovavimini,
972 3527 1130 3591 perperam

183 3596 267 3656 inter
286 3529 412 3656 muffipsr
425 3591 542 3656 confilii
561 3592 706 3656 refertur.
755 3592 809 3656 Est
822 3609 896 3655 vero
915 3591 1131 3656 declarationi·

185 3674 283 3739 croisa
296 3673 468 3739 odierium:
487 3676 531 3739 ita
543 3682 577 3738 vt
589 3677 688 3740 etiam.

124 3784 180 3870 g)
200 3783 242 3853 cf.
258 3784 423 3868 Spanhern.
438 3784 476 3847 de
493 3783 530 3850 V.
550 3795 582 3846 et
600 3785 629 3848 P.
644 3784 738 3848 Num.
755 3781 795 3848 T.
808 3783 835 3849 Ι.
850 3784 963 3866 p.106.
976 3784 1047 3851 ⁶02.

81 3930 84 3936 <
137 3892 181 3980 h)
202 3896 251 3961 An
263 3896 304 3971 ii,
325 3896 379 3978 qui
393 3893 515 3957 colonia
530 3893 634 3959 frusta
647 3893 776 3958 Romam
791 3892 943 3967 redissent,
963 3893 1012 3957 ior
1028 3889 1134 3956 suffra·

184 3980 229 4060 gii
251 3980 515 4061 recuperauerint,
549 3979 655 4054 quaeri
683 3978 803 4052 videm,
832 3976 974 4040 affirmari
996 3996 1132 4058 quoque.

177 4062 246 4142 (Vt
270 4081 369 4143 nuper
384 4081 508 4143 quoqne
520 4085 536 4124 a
547 4060 720 4145 anrtsono
735 4060 774 4128 V.
788 4057 825 4126 C.
840 4060 894 4124 lib.
909 4060 932 4124 Ι.
948 4059 1016 4124 hist.
1034 4060 1134 4123 incre·

186 4147 282 4207 menti
308 4161 340 4206 et
362 4145 473 4213 excidii
503 4147 579 4226 reip.
600 4146 634 4208 R.
659 4147 811 4229 interpret.
842 4142 944 4208 (iam.
973 4163 1004 4226 p.
1024 4159 1073 4222 17.
1103 4151 1137 4206 et

188 4244 259 4296 102.
282 4227 329 4290 sed
353 4228 394 4304 ibi
421 4229 508 4308 plura
522 4226 593 4291 sunt
615 4247 694 4310 quae
714 4225 866 4308 expuo&
881 4225 939 4290 effe
956 4225 1076 4304 malim)
1090 4223 1137 4287 lte

168 4378 169 4381 Ἴ
187 4329 261 4372 vero
284 4311 351 4374 fieri
375 4330 438 4372 non
459 4307 621 4390 potuisset,
650 4320 683 4374 vt
697 4310 851 4373 interdurn
868 4310 920 4372 vni
938 4320 970 4371 et
983 4308 1071 4370 alteri
1086 4309 1136 4369 ine

190 4393 328 4459 ciuitatir
348 4393 473 4460 deretur
494 4394 554 4478 (ei.
568 4393 633 4461 cre.
649 4412 706 4479 pro
718 4392 813 4464 Balbo
828 4394 886 4476 48)
899 4391 1141 4489 interdumqu:

796 4501 801 4517 ·
1032 4490 1141 4555 urorpu
