2580 4996
563 705 852 770 ·-.....-=·.·.·.·

170 889 291 996 gressa
315 906 354 973 et
377 895 467 974 citra
494 916 590 996 quos
617 892 708 970 fines
730 888 926 970 substiterit
946 883 1012 994 *).
1070 890 1116 973 In
1139 892 1245 979 illam

171 1023 300 1090 autem
324 1011 587 1109 cogitationem
614 1008 719 1085 facile
742 1006 879 1083 incidat
901 1008 1066 1098 animus,
1097 1033 1142 1085 an
1162 1035 1244 1089 non

170 1124 215 1202 in
231 1122 477 1224 superioribus
493 1122 670 1200 aetatibus
686 1120 849 1197 eiusdem
865 1119 975 1199 huius
999 1121 1072 1199 luis
1089 1144 1155 1224 per
1171 1137 1244 1201 ter-

175 1255 232 1314 ras
257 1238 394 1315 nostras
422 1235 606 1337 graffantis
628 1233 702 1309 vlla
727 1256 882 1335 usquam
911 1233 1001 1312 faita
1022 1233 1240 1333 fitmentio‘3

164 1349 384 1428 'audiuimus
416 1374 567 1450 quoque
600 1347 672 1425 fide
713 1346 894 1425 nescimus
936 1371 1008 1449 qua
1052 1350 1240 1443 traditum,

175 1464 320 1543 saeculo
344 1463 529 1563 superiore
555 1461 656 1539 haud
675 1460 875 1539 absimilem
893 1461 1016 1553 luem,
1045 1487 1093 1539 ex
1112 1461 1241 1565 Hispa-

168 1580 247 1653 niis
272 1574 516 1678 prognatum,
552 1576 675 1653 versus
690 1574 857 1652 boreales
874 1600 955 1653 oras
973 1580 1146 1676 contagio
1163 1603 1241 1656 ma·

175 1686 281 1766 naffe.
348 1687 410 1767 De
433 1692 649 1789 antiquitate
665 1712 754 1765 vero
771 1687 796 1763 sr
813 1692 895 1789 quis
912 1704 1078 1791 quaerat,
1108 1716 1240 1770 occur.

174 1817 231 1880 rat
245 1827 293 1879 ne
309 1805 348 1879 in
363 1827 405 1879 ea
418 1803 540 1906 aliqua
555 1802 679 1881 fimilis
698 1806 928 1902 contagionis
945 1807 1106 1900 mentio;
1135 1807 1239 1885 mise·

174 1917 325 1995 randam
341 1914 409 1996 effe
426 1919 465 1993 in
482 1917 574 2007 hoc,
603 1932 643 1994 vt
659 1919 697 1994 in
713 1916 810 2007 aliis,
838 1918 1002 1994 videmus
1017 1918 1150 1997 sortem
1167 1920 1238 1996 hu·

174 2055 338 2123 manem,
376 2029 404 2108 ir
427 2033 653 2130 cogitamus,
694 2052 805 2130 quam
828 2031 980 2108 obscura
995 2044 1031 2107 et
1049 2055 1176 2136 manca
1194 2028 1239 2112 stt

164 2143 221 2223 'ab
255 2170 375 2223 rerum
404 2144 490 2222 inde
518 2144 729 2246 primordiis
746 2168 813 2245 per
830 2146 959 2222 orbem
974 2160 1151 2224 terrarum
1167 2148 1237 2224 ho.

173 2262 317 2337 minum
332 2281 530 2359 rerumque
549 2261 743 2354 memoria;
770 2281 817 2335 ex
833 2258 1017 2358 sexaginta
1034 2259 1121 2351 fere,
1142 2285 1237 2361 quae

174 2370 347 2450 effluxiffe
371 2373 591 2463 creduntur,
628 2373 777 2451 saeculis
801 2375 864 2447 vix
879 2372 946 2450 effe
966 2373 1049 2464 sex,
1075 2398 1237 2476 quorum

173 2489 344 2564 notitiam
377 2489 573 2564 habeamus
610 2486 738 2588 paullo
767 2487 1074 2586 exploratiorem,
1124 2496 1235 2588 atque

174 2602 282 2677 etiam
309 2600 406 2678 hanc
437 2603 500 2677 vix
530 2602 637 2678 unius
662 2601 856 2678 alteriusue
878 2600 1029 2699 populi,
1066 2614 1103 2678 et
1120 2605 1236 2679 maxi·

173 2738 272 2791 mam
303 2716 504 2814 partemin
537 2714 764 2814 populorum
789 2713 939 2790 excidiis
971 2738 1037 2814 per
1070 2715 1164 2792 bella
1196 2730 1234 2798 et

172 2827 329 2929 praelia,
372 2826 652 2928 exitiofioraque
681 2827 739 2904 his
767 2845 897 2926 regum
919 2830 1092 2929 imperia,
1124 2853 1236 2907 occu-

1091 2958 1232 3047 patant:

233 3127 401 3278 ‘'aar“
412 3129 565 3280 ‚iasa
582 3127 881 3278 italiam?
889 3128 1238 3281 1111111111

281 3295 327 3361 lu
350 3257 429 3361 bene
452 3296 655 3378 deformarer
681 3295 796 3359 sanstae
817 3307 917 3360 tamen
939 3301 1120 3362 remotiores
1135 3300 1238 3362 adhue

280 3379 313 3443 iu
323 3381 469 3462 penetrali
478 3380 610 3445 Naturae
618 3380 716 3443 latent
724 3381 844 3442 abditae
853 3392 885 3443 et
897 3401 1033 3447 arcanae.
1053 3380 1235 3464 lnquisrtum

281 3483 408 3546 quoque
424 3462 467 3528 est
482 3465 515 3528 iu
531 3464 605 3529 alian
622 3461 736 3528 fimiiet
760 3462 861 3526 febres
885 3465 1088 3545 epitimium,
1120 3465 1234 3545 quibus

281 3545 407 3629 Europa
423 3557 529 3610 vexata
557 3547 618 3621 est,
650 3546 811 3624 praecipue
836 3567 864 3610 a.
891 3559 978 3624 1580.
997 3552 1087 3627 1675.
1108 3559 1235 3627 171911

279 3627 364 3712 seqq.
379 3629 478 3695 anuis.
502 3629 609 3694 Primi.
635 3627 658 3693 fi
675 3630 752 3692 bene
769 3627 914 3701 memini.
937 3634 975 3692 de
990 3650 1024 3690 aa
1039 3649 1132 3713 egere
1148 3629 1236 3694 ltalia

283 3707 407 3797 Suggin
416 3711 512 3796 sopra
528 3714 552 3776 il
570 3712 681 3776 Morbo
695 3711 774 3776 detto
793 3708 886 3796 Ruffo
902 3712 933 3776 rii
949 3711 1058 3778 Bened.
1081 3712 1233 3777 Galliaco.

248 3855 251 3860 .
287 3787 421 3860 Vicrnzn
441 3808 528 3875 1782.
550 3797 633 3861 Guat.
645 3794 725 3862 tm.
737 3793 886 3878 Hosfnrun
901 3796 1065 3884 constitutio
1078 3818 1096 3862 a
1114 3797 1237 3862 inimica

281 3876 537 3965 Heidelbergenfis
562 3894 652 3960 ¹78¹·
685 3878 903 3961 Heidelbergue
927 3894 1016 3960 1782.
1071 3818 1236 3949 titionum

280 3963 470 4026 medicorum
495 3963 721 4027 obseruationes
738 3963 769 4025 in
792 3961 925 4028 Medica!
948 3963 1159 4047 observatione
1173 3962 1237 4028 ond

285 4042 437 4130 Inquiries
449 4044 521 4128 byn
537 4043 655 4129 Society
669 4044 709 4128 os
716 4042 892 4132 Pityficiutu
902 4049 934 4110 in
950 4046 1161 4116 1111111111.
1176 4049 1206 4116 V
1208 4049 1233 4112 i.

281 4146 313 4211 p.
327 4147 400 4211 340.
417 4161 459 4178 -
474 4147 545 4211 407.
588 4131 664 4213 (Est
686 4133 718 4193 in
744 4131 807 4193 turs
831 4132 878 4193 vir
900 4131 1012 4198 doctus
1034 4132 1116 4197 Tho.
1138 4128 1235 4216 Gluff,

66 4272 75 4289 ,
154 4286 160 4294 .
279 4217 332 4294 qni
349 4232 380 4295 p.
395 4229 468 4295 377.
484 4216 562 4277 adeo
579 4214 694 4287 statuit.
719 4213 921 4295 penitentiam
936 4215 1130 4280 Achiuorum
1143 4215 1235 4279 castra

278 4305 451 4359 tentantem
484 4299 565 4378 apud
589 4299 759 4360 Homerum
781 4297 896 4360 nuliam
922 4298 1012 4362 aliam
1035 4297 1123 4361 fuiti'e
1143 4317 1235 4378 quam

279 4376 377 4455 simile
400 4380 570 4458 epidemiae
602 4383 736 4461 genus).
801 4379 883 4444 Vber·
907 4380 964 4445 den
986 4382 1120 4463 iringssen
1140 4379 1236 4464 apide-

277 4450 576 4627 gfflfeiygitm
599 4483 657 4528 uon
681 4460 726 4528 Ι).
754 4461 837 4526 Part.
853 4463 948 4584 'Luci
980 4460 1132 4531 Witt'urr.
1175 4466 1225 4530 No
