2496 4936
64 809 114 876 tas
156 797 206 876 ad
250 798 404 879 Genios
448 800 623 880 locorum
668 816 706 880 et
756 800 864 884 Deos
900 807 1010 885 certis
1050 803 1145 888 tocie

68 910 314 1012 assignandos.
365 915 440 993 Alii
450 917 626 1006 tandem,
656 940 768 1018 quem
786 916 918 997 Larem
937 922 1058 1022 gentis
1080 946 1146 1001 au·

69 1027 141 1104 sior
157 1028 343 1117 coluerat,
354 1031 469 1108 deum
484 1033 642 1131 patrium
659 1031 794 1111 satium
812 1033 1020 1127 coluerunt,
1032 1035 1146 1116 deum

72 1164 186 1230 mur,
217 1145 284 1220 [ed
299 1149 406 1242 gentis
424 1148 516 1248 sune.

182 1253 312 1348 Cum,
342 1284 363 1334 a
386 1258 634 1337 sollicitudine
656 1273 694 1335 et
715 1274 839 1352 metu,
869 1274 910 1338 vt
930 1259 1037 1360 supra
1050 1262 1145 1342 vidi-
1170 1336 1172 1338 ,

75 1395 176 1460 mus,
210 1374 311 1449 inter
330 1386 491 1450 terrores
507 1388 544 1449 et
561 1375 678 1448 minas
695 1388 783 1451 nato
804 1371 1053 1475 proficiscatur
1068 1375 1145 1454 sere

72 1488 195 1563 omnis
221 1487 462 1564 barbarorum
486 1485 636 1586 religio;
680 1500 718 1562 et
742 1511 787 1564 ea
808 1487 961 1588 quidem
982 1488 1145 1568 instituta

75 1602 170 1676 inter
200 1599 371 1677 homines
400 1601 498 1678 seros
531 1615 568 1676 et
592 1603 789 1677 immanes:
826 1602 1031 1680 multotum
1054 1600 1146 1684 hinc

73 1713 303 1813 populorum
331 1717 423 1791 ritus
449 1712 633 1792 sacrorum
660 1715 706 1791 ad
732 1715 913 1794 feritatem
928 1728 966 1792 et
982 1716 1143 1794 crudeli—

76 1840 187 1904 tatem
211 1841 250 1904 et
273 1827 376 1905 suiss'e
403 1842 442 1906 et
468 1826 536 1906 esse
558 1827 782 1928 compofitos
800 1852 913 1906 nemo
928 1830 1141 1926 mirabitur3

73 1941 262 2018 seruantur
282 1945 383 2019 enim
407 1947 498 2019 ritus
522 1941 707 2019 sacrorum
731 1945 840 2042 patrii
853 1943 963 2020 etiam
979 1945 1019 2019 in
1035 1943 1144 2021 meli·

71 2078 157 2131 ores
183 2070 327 2136 aetates.
404 2056 522 2150 Quod
543 2055 722 2133 humanas
753 2057 914 2132 vitiimas
937 2053 1142 2134 manarunt

71 2183 130 2245 tot
160 2171 317 2270 populi,
360 2170 474 2270 idque
504 2171 696 2268 religionis
727 2169 816 2248 loco
843 2169 1054 2248 habueruut
1078 2184 1144 2247 aut

73 2281 159 2384 ipsi,
201 2296 266 2360 aut
282 2286 331 2374 ii,
364 2287 430 2384 qui
456 2307 520 2361 eos
542 2284 680 2361 adiere:
709 2283 892 2362 sacrorum
911 2286 1003 2361 ritus
1020 2285 1144 2384 arguit

67 2399 109 2474 -in
142 2396 219 2497 ipsa
240 2397 380 2475 serimte
410 2411 448 2474 et
482 2399 645 2475 barbarie
675 2412 812 2475 enatos.
893 2396 1022 2477 Multo
1050 2420 1142 2477 vero

69 2512 203 2597 iatius,
228 2526 264 2588 et
274 2511 375 2611 apud
393 2524 523 2588 omnes
540 2513 666 2612 vtique
686 2513 865 2612 populos,
893 2513 1029 2612 quibus
1044 2534 1142 2588 non-

68 2626 163 2701 dum
192 2625 323 2702 melior
351 2626 499 2703 diuinae
528 2627 785 2726 humanaeque
799 2624 1057 2727 philosophiae
1070 2625 1142 2704 lux

70 2737 222 2826 affulsit,
260 2741 425 2817 obtinuit
454 2763 496 2816 ea
525 2738 726 2839 persuasio,
759 2755 800 2816 vt
827 2762 966 2816 numen
990 2739 1142 2817 habere-

70 2853 393 2943 turismodum,
422 2853 632 2944 morosum,
662 2854 936 2944 truculentum,
961 2851 1141 2931 vindiciae

69 2968 270 3067 cupidum,
307 2970 357 3046 ob
378 2968 501 3044 leuem
528 2969 716 3045 interdum
738 2967 883 3066 culpam
902 2968 960 3044 vel
976 2990 1141 3045 errorent

71 3081 295 3158 calamitates
325 3104 368 3159 ac
398 3082 556 3159 miserias
579 3082 735 3182 rpublice
766 3083 1015 3182 priuatimque
1043 3081 1142 3159 infli-

70 3196 210 3295 gendas
225 3219 427 3296 praeceps,
459 3196 560 3272 idem
581 3197 803 3273 muneribus
838 3219 881 3272 ac
910 3197 1007 3272 votis
1038 3194 1140 3272 fatris

70 3312 217 3387 exorari
249 3311 284 3387 se
316 3312 477 3411 patiens3
523 3322 646 3387 totum
678 3313 836 3387 omnino
860 3309 906 3386 ad
929 3293 1139 3400 hominum,

70 3423 243 3503 nondum
268 3423 348 3502 vllo
371 3424 566 3524 sapientiae
589 3448 632 3502 ac
658 3427 803 3500 virtutis
826 3423 946 3501 studio
970 3421 1144 3499 exculto·

69 3561 175 3626 rum,
215 3560 358 3614 morem
381 3537 636 3638 compositum.
709 3536 811 3616 Haec
838 3535 948 3614 semel
979 3538 1141 3613 barbaris

68 3653 258 3728 mentibus
285 3649 451 3751 impressa
483 3655 614 3752 opinio
643 3675 685 3728 ac
710 3653 836 3740 notio,
867 3652 984 3729 *etiam
1007 3650 1054 3726 ad
1070 3674 1142 3727 nu·

69 3768 184 3842 minis
209 3761 257 3843 O.
276 3762 329 3841 M.
356 3768 621 3864 cogitationem
647 3764 850 3843 miserrimo
876 3788 1000 3841 errore
1023 3777 1142 3839 trans-

69 3879 164 3969 lata,
206 3898 279 3980 per
314 3901 356 3954 ea
393 3902 547 3980 quoque
581 3893 747 3979 tempora
775 3879 941 3969 durauit,
988 3877 1138 3976 quibus,

68 3993 235 4069 melioris
259 3994 334 4069 iam
349 3992 607 4093 vphilosophiae
628 3994 713 4070 luce
736 3991 883 4079 diffusa,
912 3990 1076 4091 expolita
1092 3989 1141 4066 ad

70 4104 1139 4206 omnemhumanitatemhominumingeniapersuasronem

66 4219 171 4297 illam
189 4221 316 4298 diuina
329 4236 454 4298 natura
474 4222 676 4320 indignam,
693 4222 903 4320 quaomnia
920 4218 1053 4296 melior
1076 4218 1137 4293 dei

64 4339 172 4413 notio
195 4335 361 4426 tollitur,
398 4336 566 4439 respuere
580 4332 625 4413 'et
647 4334 844 4412 abhorrere
863 4328 1140 4432 debuffepute

1055 4459 1138 4528 rea;
