2580 4996
62 878 166 954 cata,
193 860 259 945 seu
276 861 511 948 consiliorum
532 865 571 945 in
588 864 780 944 nonnullis
796 863 984 956 leuitatem
999 868 1039 952 in
1055 870 1136 961 aliis

69 976 316 1060 inconsultam
337 979 573 1079 pertinaciam
590 977 742 1079 spesics,
774 1002 868 1080 quae
882 983 977 1067 inter
994 983 1028 1069 se
1047 1007 1135 1081 cupa

68 1092 186 1175 srusiu
211 1093 414 1192 comparari
429 1089 606 1191 possint„
640 1090 692 1170 Vt
705 1094 819 1190 igitur
833 1095 878 1179 ii,
911 1097 978 1193 qui
991 1120 1060 1183 nos
1079 1099 1135 1195 lo.

69 1219 182 1306 gunt‚
230 1206 321 1287 haec
335 1236 339 1251 ·
355 1205 576 1305 cognoscere
605 1203 732 1305 suique
757 1205 823 1307 ipsi
842 1205 970 1291 iudicii
994 1213 1134 1298 trutina

69 1321 226 1398 curatius
246 1318 454 1419 expendere
475 1317 627 1420 poffint,
659 1319 835 1418 agedum,
865 1320 1036 1421 imposito
1056 1324 1132 1411 hoc

63 1432 255 1534 praefandi
283 1456 454 1522 munere,
505 1432 592 1516 belli
624 1432 733 1516 huius
763 1431 1031 1522 Romanorum
1047 1460 1131 1536 gro·

20 1620 21 1625 i
69 1545 195 1624 nissimi
218 1561 362 1654 ortum,
405 1543 538 1636 caussas
563 1559 599 1629 et
621 1562 797 1640 euentus,
822 1562 997 1648 tanquam
1013 1553 1055 1638 in
1076 1565 1131 1639 ta·

69 1661 154 1738 bula
172 1684 424 1760 proponamus
433 1684 444 1755 ;
487 1683 573 1740 nam
600 1674 638 1736 vt
662 1685 719 1743 res
743 1663 782 1737 in
809 1686 856 1744 eo
886 1661 986 1750 bello
1011 1666 1127 1763 gestas

60 1773 250 1873 sigillatim
273 1774 540 1862 recenseamus,
570 1786 686 1852 autvt
702 1774 922 1876 nosmetipsi
938 1798 1128 1879 compara-

63 1891 224 1975 tionem,
271 1912 383 1988 quarn
403 1888 584 1976 diximus,
612 1887 867 1976 adhibeamus,
896 1890 935 1973 id
953 1892 1127 1987 accinti,

59 2026 134 2078 nec
159 2001 332 2102 personae
355 2001 516 2092 nostrae,
563 2023 633 2085 nec
646 2005 823 2102 temporis
839 2002 948 2088 huius
965 2000 1033 2091 esse
1047 2029 1126 2093 ma.

6 2160 7 2163 κ
59 2116 231 2194 uisestum
247 2115 299 2195 sit.

174 2336 323 2417 Summa
345 2334 561 2427 caussarum,
599 2361 618 2417 a
637 2337 772 2438 quibus
790 2335 879 2414 belli
896 2336 1047 2416 Socialis
1063 2364 1125 2427 or.

58 2464 119 2532 tus
136 2449 222 2528 duci
239 2453 368 2542 debet,
394 2454 440 2533 ad
457 2452 531 2541 hoc
548 2475 661 2536 uuum
677 2455 841 2537 reuocari
858 2453 992 2551 potest,
1017 2454 1124 2554 quod

59 2565 160 2644 Socii
187 2579 224 2640 et
250 2562 431 2648 Coloniae
460 2589 580 2665 aequo
607 2568 685 2642 iure
715 2569 785 2656 sti,
819 2563 979 2649 Romani
1000 2570 1039 2648 in
1057 2592 1123 2659 cos

57 2679 261 2770 dominari,
284 2703 398 2780 aequa
424 2683 525 2760 iuxta
551 2693 588 2758 et
605 2682 730 2778 iniqua
755 2681 944 2779 imperare,
968 2679 1120 2773 veilent.

54 2790 300 2891 Deploranda
334 2794 384 2874 est
413 2793 560 2870 fortuna
592 2794 850 2892 imperiorum,
898 2788 1061 2894 quaessvi
1086 2811 1124 2893 ct

58 2908 169 2991 armis
193 2909 232 2981 in
253 2931 426 3007 magnam
449 2908 586 2983 molem
605 2930 690 2984 curn
707 2906 927 2995 coaluerint,
958 2908 1122 2992 nonnisi

55 3022 95 3096 vi
111 3034 148 3096 et
166 3022 295 3110 armis,
322 3044 371 3097 new
386 3021 612 3111 dilabantur,
640 3022 821 3100 contineri
837 3017 995 3120 possunt.
1048 3021 1125 3113 Na·

57 3145 139 3210 tum
166 3157 213 3211 ex
236 3135 369 3210 iniuria
394 3136 451 3212 ius
476 3157 554 3214 non
579 3133 644 3210 nisi
673 3135 780 3210 nouis
805 3135 946 3209 iniuriis
970 3131 1120 3228 defendi

56 3247 186 3346 potest.
265 3246 382 3341 Quod
409 3247 435 3324 si
463 3261 673 3347 temporum
695 3244 952 3324 vicissitudines
976 3244 1120 3344 sensum

47 3363 230 3450 iniuriae,
269 3363 349 3462 qui.
390 3360 455 3439 nisi
477 3360 549 3461 ipsa
573 3361 746 3438 seruitute
769 3361 808 3436 in
831 3361 936 3437 bruta
954 3361 1122 3439 conuersi

54 3472 126 3555 sint
158 3473 346 3566 homines,
384 3499 575 3575 nunquam
601 3477 731 3551 animis
753 3473 1001 3572 extinguitur,
1041 3497 1123 3551 non

55 3601 133 3667 tam
161 3602 383 3687 prouocant,
424 3612 536 3690 quam
561 3605 601 3665 rt
627 3588 776 3665 liberius
794 3599 1010 3688 prorumpat
1025 3590 1122 3669 viam

55 3702 214 3780 iaciunt:
244 3719 404 3794 tumea,
435 3725 530 3802 quae
543 3703 638 3782 maie
653 3704 793 3790 coiere,
818 3699 894 3776 leui
911 3714 1019 3777 motu
1040 3700 1120 3780 suc·

55 3813 152 3894 cussa
177 3821 299 3915 rumpi
324 3813 462 3894 necesse
488 3817 547 3894 est.
621 3815 790 3915 Spessant
816 3813 1049 3913 sapientiores
1072 3814 1120 3903 ad

54 3932 113 4008 ius
136 3953 296 4030 aequum
314 3930 623 4031 recuperandum,
655 3928 788 4028 vulgus
809 3950 936 4004 vecors
956 3941 1121 4004 etteme-

53 4045 191 4120 ratium
226 4045 271 4121 ad
293 4045 448 4120 eandem
477 4047 604 4119 simet
625 4045 813 4126 iniuriam,
842 4063 954 4140 quam
973 4039 1037 4139 ipsi
1057 4041 1121 4118 dc·

54 4156 248 4257 pulerant,
278 4158 358 4235 aliis
389 4158 616 4235 inserendam
639 4158 723 4234 ruit.
781 4152 882 4233 Inter
899 4153 989 4230 haec
1005 4178 1061 4230 res
1078 4158 1120 4232 in

55 4293 143 4346 eum
172 4274 301 4348 statum
328 4272 460 4348 adduci
489 4270 625 4359 solent,
678 4285 716 4346 vt
750 4270 843 4344 resse
874 4266 1029 4358 sacrendi
1057 4281 1122 4344 aut

56 4384 272 4467 consulendi
293 4410 340 4464 ne
368 4386 518 4486 quidem
551 4385 657 4463 locus
684 4380 896 4469 relictusne
954 4377 1009 4473 lta
1033 4405 1121 4458 cum

120 4513 234 4600 litania·
245 4516 353 4602 Opust.
372 4514 459 4585 acad
475 4513 543 4586 Vos.
552 4514 624 4582 111.
736 4492 773 4575 K
1001 4492 1122 4593 longo
