2544 5032
145 454 196 548 56
533 415 819 522 zzz-*¹3

142 654 205 722 tur
220 640 400 723 sollennia
418 645 458 722 in
474 644 616 745 templo
628 642 864 734 academico,
894 642 1029 745 quibus
1047 654 1106 733 vt,
1146 664 1213 719 ve-

142 757 211 836 stra
226 761 441 859 praesentia,
472 756 637 837 Comites
653 759 686 836 S.
707 757 751 836 R.
773 757 801 835 Ι.
822 756 1064 845 Illustrissrmi‚
1094 751 1213 835 Com·

143 873 331 950 militones
348 876 605 973 ingeniorum,
637 871 831 961 natalium,
873 872 1076 951 studiorum
1099 869 1212 949 laude

143 984 403 1085 probatissimi,
434 986 683 1066 celebritatem
701 986 834 1062 addere
852 987 991 1074 velitis,
1028 983 1214 1062 humanis-

144 1097 232 1176 sime
250 1126 434 1201 rogamus.
494 1099 591 1179 Vota
609 1100 762 1201 publico
777 1104 930 1178 nomine
948 1098 1215 1200 persoluetsus-

146 1215 332 1316 cipietque
356 1217 528 1292 brabeuta
551 1215 759 1304 honorum,
794 1239 890 1315 quos
904 1213 1059 1293 Ordinis
1075 1214 1214 1290 medici

146 1325 239 1406 iuslu
251 1330 397 1406 duobus
408 1326 620 1406 candidatis
630 1326 897 1427 probatissimis,
911 1352 1045 1405 rsnnco
1063 1351 1213 1413 onemo,

144 1435 436 1542 Hamburgensi,
477 1445 541 1544 qui
559 1442 659 1519 idem
685 1447 889 1520 orationem
910 1445 1034 1542 gratiis
1059 1428 1214 1540 agendis

145 1550 316 1645 habebit,
368 1571 406 1632 et
432 1579 483 1632 ro.
513 1581 597 1634 cna.
625 1580 867 1648 warranvu,
918 1555 1212 1646 Hannouerano,

53 1771 56 1776 ³
145 1665 332 1769 impertiet
349 1662 418 1750 Vir
438 1666 784 1771 Experientillrmus‚

269 1807 445 1890 naua.
484 1808 616 1890 nvo.
656 1781 999 1890 marsuano
1038 1806 1089 1889 u.

148 1953 315 2029 oratione
337 1951 492 2031 sollenni
509 1976 556 2029 ex
569 1953 754 2052 superiore
769 1952 856 2030 loco
872 1952 1006 2029 habita.
1064 1949 1216 2029 Memo-

147 2068 244 2142 rabit
257 2067 320 2144 ille
338 2092 398 2158 ea,
438 2092 532 2168 quae
559 2067 671 2144 fausta
696 2090 738 2143 ac
768 2067 924 2143 secunda
955 2091 1022 2167 per
1054 2067 1218 2165 superio·

148 2201 229 2258 tem
246 2205 384 2258 annum
402 2183 607 2258 academiae
626 2184 885 2280 contigerunt,
925 2181 1048 2258 auitos
1075 2178 1217 2258 Biblio-

149 2291 278 2370 thecae
293 2296 518 2371 academicae
535 2319 717 2371 nouarum
734 2295 879 2372 aedium
893 2294 1091 2372 aceellrone
1109 2294 1216 2372 locu·

147 2400 228 2497 los,
259 2408 376 2486 aurias
396 2409 558 2486 eiusdem
579 2425 616 2487 et
631 2408 747 2486 Musei
765 2433 871 2509 opes,
892 2412 1106 2486 muneribus
1121 2431 1217 2507 quo-

149 2543 224 2622 que
254 2525 362 2598 nouis
392 2547 477 2599 cum
506 2524 662 2601 aliorum
692 2538 770 2601 turn
795 2527 862 2601 viri
887 2522 1141 2600 immortaliter
1166 2521 1214 2597 de

149 2637 259 2711 nobis
282 2637 422 2726 meriti,
451 2635 605 2736 Georgii
628 2633 670 2713 L.
689 2635 727 2714 B.
750 2661 798 2714 ur
822 2662 938 2726 arcu,
969 2640 1072 2712 cuius
1088 2637 1213 2710 muni·

147 2747 331 2826 licentiam
350 2751 600 2828 admirabilem
615 2754 688 2828 iam
703 2751 843 2850 saepius
859 2750 1066 2853 praedicare
1091 2751 1132 2825 in
1153 2747 1213 2826 his

146 2861 405 2965 scriptionibus
425 2867 570 2966 obtigit

261 3059 405 3141 Interea
423 3089 510 3150 nos,
536 3066 672 3164 quibus
695 3063 882 3164 praefandi
907 3086 1043 3140 munus
1066 3058 1217 3162 impofi·

149 3189 230 3254 tum
250 3176 319 3265 est,
348 3180 447 3256 bona
472 3202 667 3279 cumpace
696 3178 808 3253 vestra
833 3178 1065 3254 absoluemus
1092 3176 1216 3277 dispu-

151 3294 330 3368 tationem
347 3316 464 3392 nuper
481 3294 679 3370 institutam
697 3291 742 3368 de
758 3294 822 3379 iis,
854 3313 947 3392 quae
964 3294 1059 3367 inter
1074 3287 1215 3368 Roma·
1267 3393 1268 3396 Ν

149 3427 220 3481 nos
244 3421 281 3481 et
299 3395 614 3504 Carthaginienses
640 3404 747 3504 super
772 3420 975 3483 mercatura
999 3420 1036 3482 et
1063 3408 1219 3504 nauiga-

147 3521 250 3596 tione
268 3519 416 3596 foedere
436 3519 537 3620 patla
559 3518 627 3596 elle
649 3520 818 3618 legimus.

262 3717 319 3796 Ad
336 3717 473 3795 alteram
487 3715 753 3795 substiteramus
766 3713 886 3819 fredus
899 3712 945 3791 V.
958 3711 999 3791 C.
1019 3721 1113 3812 406.
1131 3737 1216 3814 pet·

150 3829 306 3911 cussum:
337 3831 426 3909 Xll.
453 3835 558 3908 annis
575 3847 658 3907 ante
685 3831 884 3909 Alexandri
906 3833 944 3905 in
970 3826 1084 3904 Asnam
1106 3832 1216 3906 traie-

150 3947 257 4024 dium.
317 3943 458 4022 Etruria
474 3949 511 4020 in
530 3949 637 4022 armis
657 3963 733 4022 erat
754 3949 825 4022 iam
839 3944 925 4020 inde
944 3945 989 4018 ab
1005 3941 1049 4018 V.
1063 3939 1104 4018 C.
1122 3929 1222 4039 μὴ..

149 4054 432 4160 Tarquinienses
449 4060 643 4159 aliquoties
668 4057 756 4135 caesr
776 4082 863 4137 cum
886 4055 1048 4134 Faliscis:
1090 4054 1217 4134 Caeri-

148 4183 202 4251 tes
233 4198 382 4265 eurum,
429 4196 523 4276 quae
545 4171 619 4252 auli
644 4188 766 4265 erant,
813 4185 956 4250 mature
986 4173 1216 4272 poenitentia

1102 4287 1211 4386 cepit
