2580 5086
180 730 261 824 ιιι

178 878 419 1000 animantium
442 926 568 994 natura
592 911 731 990 diuersa
756 913 814 990 ιιι
874 907 1008 1014 Opera
1037 871 1264 1072 qnoqnertl3

179 1033 339 1110 instituta
360 1015 589 1116 mortalium,
628 1025 698 1101 alia
730 1025 848 1104 subito
876 1040 962 1103 nata
985 1029 1164 1110 celeriter
1183 975 1264 1110 loll

166 1160 282 1238 rent,
322 1143 486 1223 celeriter
517 1141 739 1240 depereunt3
777 1139 846 1216 alia
868 1164 956 1217 cum
980 1137 1255 1223 difficultatum

178 1259 352 1340 molestiis
375 1256 438 1336 diu
462 1253 674 1341 collutiata,
708 1253 856 1330 occulto
877 1251 987 1331 austu
1009 1255 1226 1343 sumuntfir-

179 1377 343 1451 mitatem
372 1394 415 1449 ac
435 1371 568 1458 robur,
613 1378 650 1441 et
668 1378 770 1442 tanto
785 1365 932 1443 altiores
949 1368 1100 1447 radices
1120 1384 1223 1471 agunt

176 1486 393 1571 academiae
420 1483 559 1560 nostrae
582 1477 763 1577 Georgiae
787 1477 988 1578 Augustae,
1029 1481 1257 1603 Auditore,

177 1600 204 1678 ss
237 1599 329 1699 quid
359 1595 485 1685 aliud,
540 1592 613 1670 hoc
636 1595 762 1692 vtique
783 1592 975 1692 portendit
1005 1594 1222 1676 durationem

176 1696 455 1810 sempiternam,
514 1702 616 1807 quod
650 1728 671 1781 a
700 1702 909 1782 tenuillrmis
933 1707 1054 1786 initiis
1079 1734 1124 1787 ea
1149 1724 1267 1798 οιι

174 1828 272 1903 inter
291 1821 425 1900 multas
445 1837 669 1919 magnasque
690 1814 919 1896 difficultates
941 1820 1050 1898 tarde
1066 1825 1267 1912 accreuit,

176 1953 214 2017 et
235 1938 340 2013 variis
368 1935 536 2011 fortunae
557 1930 852 2022 calrbusiadata,
890 1934 1000 2009 variis
1024 1934 1223 2015 calamitati

174 2053 245 2130 bus
268 2047 488 2138 conflictata,
522 2047 586 2125 vix
606 2045 754 2122 tandem
775 2044 977 2146 conualuit.
1037 2047 1153 2151 Saepe
1171 2049 1221 2128 illa

173 2163 462 2266 tempestatibus
483 2182 525 2237 ac
558 2157 731 2259 procellis
762 2157 958 2248 conuulsa,
1022 2161 1167 2241 damnis
1194 2176 1222 2239 et

173 2278 317 2357 iatluris
338 2291 524 2377 tamquam
547 2271 645 2349 ferro
670 2271 798 2358 accisa,
839 2273 885 2347 ab
910 2271 990 2372 ipio
1012 2273 1116 2355 ferro
1136 2299 1219 2354 noua

173 2393 416 2479 incrementa,
450 2409 541 2486 opes
557 2406 792 2485 animosque
829 2382 945 2462 duxit
1012 2385 1149 2491 ltaque
1170 2390 1221 2468 de·

173 2527 253 2584 cern
273 2503 390 2580 lustris
405 2499 573 2599 expletis,
598 2511 739 2590 tantum
757 2497 863 2588 adest,
895 2512 934 2575 vt
948 2499 1013 2588 illa
1030 2502 1079 2580 ad
1094 2504 1221 2582 senium

173 2633 322 2713 vergere
345 2613 458 2691 videri
474 2610 600 2712 polit,
636 2624 675 2687 vt
699 2614 823 2710 potius
848 2609 916 2687 hac
937 2613 1093 2694 demum
1117 2631 1220 2695 aetate

121 2777 127 2789 ·
170 2725 428 2806 semilaeculari
453 2722 678 2812 adolescere,
721 2735 894 2823 tanquam
917 2726 1077 2806 iuuenili
1103 2735 1221 2831 rigore

171 2838 409 2927 efflorescere,
449 2837 563 2914 robur
584 2837 752 2935 viresque
773 2835 912 2915 sumere
937 2840 1053 2917 videri
1078 2843 1220 2921 debeat:

170 2969 264 3058 quot
287 2955 446 3030 enimet
473 2962 607 3050 quanta
633 2951 667 3024 ei
687 2952 910 3027 incrementa
932 2951 989 3030 his
1016 2953 1103 3055 rpus
1124 2959 1220 3034 annis

168 3066 368 3147 nouillrmie
398 3061 589 3143 accellere!
637 3076 731 3162 quot
759 3078 972 3143 ornamenta
994 3089 1118 3159 noua,
1159 3071 1221 3148 alia

166 3167 289 3283 parata
314 3181 415 3269 sunt,
448 3177 517 3254 alia
540 3199 625 3254 cum
642 3178 801 3253 maxime
820 3178 1010 3276 parantur!
1037 3183 1154 3284 inque
1170 3183 1221 3260 hir

166 3296 240 3372 hnc
256 3291 371 3396 ipsum
387 3289 649 3368 semilaeculare
663 3288 840 3378 sollenne,
864 3290 926 3368 hic
946 3293 1018 3369 diei
1037 3293 1218 3395 splendor,

165 3409 256 3486 haec
277 3402 454 3486 conlellus
481 3403 586 3481 rellri
618 3403 774 3501 dignitas
793 3417 829 3478 et
853 3405 1078 3503 amplitudo!
1117 3406 1220 3487 Licet

164 3518 500 3620 itaqueaugurari,
532 3528 636 3592 tanto
653 3517 917 3592 diuturniorem
939 3516 1125 3620 Georgiae
1149 3524 1219 3600 Au·

51 3625 56 3643 '
162 3635 286 3734 guliae
302 3630 381 3710 lore
398 3630 705 3717 incolumitatem,
740 3651 818 3727 quo
833 3626 1038 3710 difficiliore
1052 3658 1141 3713 cura
1158 3636 1217 3713 illa

161 3745 345 3834 adoleuit,
369 3767 448 3842 quo
463 3741 708 3820 aerumnosior
721 3740 878 3819 eruslurt
894 3743 1028 3823 antius
1089 3747 1216 3859 Quod,

160 3853 202 3936 ‘vt
229 3857 474 3956 intelligatur,
524 3878 583 3932 me
609 3878 687 3930 non
711 3867 847 3930 temere
872 3859 1067 3984 augurari,
1112 3865 1217 3940 venia

160 3972 293 4061 restra,
327 3969 539 4058 Auditorrs,
568 3990 752 4069 exponam
775 3971 898 4066 paucis
924 3976 1035 4049 ιιιιιι
1056 3972 1217 4075 somnae

160 4077 396 4188 viciffrtudiner,
440 4104 520 4180 quar
539 4079 597 4158 illo
617 4079 661 4158 ab
686 4080 886 4158 incunabulis
907 4083 980 4162 iude
996 4087 1069 4189 fuir
1091 4093 1135 4188 est
1158 4116 1215 4167 ex·

153 4216 272 4302 perta,
318 4194 431 4295 quibus
448 4194 600 4292 flullibur
627 4193 751 4296 illnest
784 4194 926 4283 indata,
982 4226 1048 4298 quo
1069 4201 1142 4304 sole
1163 4231 1215 4281 rr·

159 4324 286 4401 creato,
317 4334 397 4411 quor
425 4308 569 4412 Castores
587 4307 645 4385 illo
660 4308 774 4385 habult
785 4313 963 4409 propitior.
1020 4312 1145 4407 Quam
1164 4315 1211 4395 ad

158 4450 258 4564 rem,
308 4438 348 4503 rt
376 4422 539 4502 studium
568 4422 724 4500 vestrum
753 4421 946 4514 audiendi,
998 4423 1210 4523 Auditorer,

1085 4545 1210 4622 multia

1250 1063 1265 1194 l

1253 1277 1265 1334 ll

1251 1569 1270 1768 3

1252 2311 1257 2385 l

1258 2483 1269 2562 l
