2534 4860
442 590 856 696 ..··.·.=.·!·.·.·¹·.!¹
1038 600 1113 674 3¹³

53 771 171 853 dudit
205 771 355 865 ritibus,
406 771 635 851 sacerdotum
676 771 948 865 contuberniis,
999 771 1121 854 hiero·

54 890 273 991 phantarum
290 886 505 989 disciplinis,
530 884 857 987 philosophorum,
881 889 1122 968 initiaverint

53 1020 170 1101 qnam
186 999 324 1078 scholas
339 1000 563 1088 habentium,
581 997 756 1089 sacrariis,
772 1024 844 1100 ,per
861 1024 1012 1079 omnem
1027 1017 1122 1080 aeta.

55 1128 136 1190 tum
156 1112 347 1192 decursum
362 1114 490 1191 tradita
506 1112 626 1206 fuere3
653 1113 753 1215 stque
776 1110 1003 1204 accesllonea,
1029 1139 1122 1215 quas

59 1225 123 1303 illa
144 1249 210 1326 per
235 1227 418 1326 Magiam,
452 1225 696 1326 Theurglam,
732 1224 950 1329 Cebbalam,
989 1226 1124 1306 nichea

57 1342 186 1424 miam,
219 1339 386 1421 Fratrum
411 1338 530 1419 roseae
554 1344 696 1431 crucis,
728 1342 998 1432 reuelationum
1018 1355 1056 1418 et
1082 1342 1123 1421 id

59 1473 177 1552 genus
195 1454 332 1532 somnia
355 1454 443 1544 alia,
478 1453 656 1543 habuere,
696 1457 822 1539 animo
833 1467 1008 1556 reputes.
1036 1454 1123 1534 Nec
1247 1534 1248 1539 t

60 1568 232 1665 angustos
255 1566 346 1645 fines
367 1569 508 1668 ingenii
528 1566 679 1644 humani
704 1568 743 1643 in
766 1591 888 1647 rerum
914 1567 1028 1648 modo
1046 1592 1123 1648 rna·

60 1682 161 1755 teriis
193 1680 460 1780 deprehendas,
508 1703 635 1757 rerum
666 1681 705 1756 in
738 1680 820 1781 ipsis
856 1705 978 1763 rerum
1006 1681 1124 1782 phan-

59 1792 288 1885 tasmatibus,
322 1793 396 1872 flue
424 1795 464 1869 in
487 1793 595 1870 verba
622 1791 695 1871 siue
723 1795 818 1871 inin
838 1799 930 1875 titus
948 1795 1121 1874 deductis.

59 1899 115 1982 Ita
138 1907 285 2005 mystica
307 1904 469 1982 dotlrina
486 1902 771 1984 Christianorum
787 1908 827 1984 in
845 1905 1022 1998 Indorum
1044 1933 1125 2008 my·

60 2016 145 2095 stica
179 2017 367 2118 disciplina
399 2019 567 2093 manibus
596 2031 749 2095 tenetur.
809 2018 1063 2119 Atheogonia
1086 2033 1125 2099 et

60 2128 298 2229 cosmogonia
327 2128 414 2205 inde
443 2129 610 2230 persequi
640 2130 728 2208 licet
758 2146 872 2210 certas
900 2135 1125 2232 opinionum
1190 2175 1200 2198 ι

61 2237 203 2331 classes,
246 2264 445 2342 earumque
479 2244 594 2333 modo
625 2267 672 2320 ex
696 2242 850 2323 Oriente
876 2247 913 2321 in
939 2243 1125 2324 Occiden-

61 2363 137 2429 tem
167 2351 410 2455 progressum,
447 2355 562 2433 modo
579 2355 717 2435 indein
733 2361 885 2456 patriam
897 2371 1041 2437 mutato
1060 2358 1126 2436 haa

55 2465 144 2543 bitu
171 2470 339 2547 reditum.
397 2467 494 2548 Mira
522 2469 707 2548 interdum
733 2495 809 2560 res,
853 2470 1019 2548 strideas
1043 2471 1124 2573 phi·

61 2577 330 2682 losophemata,
360 2580 665 2681 quorumcaullae
686 2587 723 2659 irr
744 2583 820 2659 Aha
838 2601 957 2674 erant,
980 2586 1023 2661 ad
1036 2586 1125 2684 Sep·

62 2698 285 2772 tentrionem
316 2719 431 2796 vsque
463 2721 483 2773 a
511 2697 658 2798 populis
693 2697 822 2775 diuersi
850 2698 942 2776 caeli
969 2698 1123 2798 solique,

61 2807 153 2883 ritus
184 2823 222 2883 et
245 2810 355 2897 vitae,
393 2822 556 2908 recepta,
593 2825 631 2885 et
651 2809 729 2884 aliis
752 2809 955 2887 domesticis
978 2814 1125 2914 opinio·

64 2920 175 2997 nibus
210 2920 407 3019 implicita,
458 2943 531 3020 qua
574 2924 840 2999 commixtione
876 2947 973 3002 noua
1001 2927 1123 3013 iacies,

62 3053 186 3109 nouus
210 3031 373 3122 habitus,
413 3032 685 3134 procuderetur.
744 3032 797 3110 Vt
822 3057 869 3110 ex
893 3034 1127 3136 philosophia

63 3144 104 3223 in
127 3145 341 3245 religiones,
381 3146 429 3221 lta
453 3148 493 3221 in
514 3146 577 3223 has
594 3169 641 3222 ex
661 3145 755 3235 illis,
794 3148 983 3226 innumera
1006 3151 1126 3226 immi·

64 3272 232 3360 grarunt:
275 3271 312 3336 et
333 3261 373 3334 in
397 3271 586 3358 vtranrque
606 3280 672 3357 per
694 3282 822 3336 omnes
844 3273 976 3338 aetates
999 3263 1125 3338 imma·

63 3385 201 3449 narunt
220 3370 402 3449 nonnulla
422 3371 628 3472 epopulari
643 3371 901 3471 superstitione.
960 3373 1051 3467 Quo
1071 3372 1124 3464 lit,

66 3499 107 3560 vt
135 3488 175 3560 in
208 3484 332 3563 multis
361 3486 605 3565 recentiorum
634 3484 860 3562 saeculorum
885 3488 1129 3587 opinionibus.

44 3597 128 3676 ‚seu
157 3594 375 3686 Orientalis,
429 3620 539 3699 quam
577 3611 711 3675 vocant
744 3596 1014 3701 philosophiae,
1064 3599 1126 3680 seu

62 3707 292 3800 Platonicae,
335 3709 455 3790 adhuc
477 3711 622 3812 vestigia
640 3710 739 3790 haud
763 3712 913 3793 obscura
932 3713 1126 3815 agnoscere

64 3823 250 3904 interdum
274 3823 391 3902 liceat.

177 4051 336 4146 Verum,
369 4053 394 4132 sr
422 4053 513 4132 noui
532 4054 619 4129 anni
645 4065 682 4129 et
699 4052 900 4131 studiorum
919 4051 1126 4133 nostrorum

23 4161 36 4170 ⁸
65 4189 132 4268 per
158 4165 259 4246 hunc
287 4185 425 4245 annunt
453 4166 606 4268 auspicia
635 4165 703 4241 hac
725 4165 797 4266 ipsa
820 4164 1013 4263 scriptione
1036 4166 1126 4244 fana

65 4281 228 4387 putanda
259 4282 357 4363 sunt:
407 4281 488 4361 satis
523 4302 624 4359 nunc
656 4278 856 4470 ἀῧΙίὺειωω
891 4297 939 4356 ex
981 4276 1125 4472 liegii}

70 4436 89 4450 ··
736 4415 757 4496 5
834 4486 836 4507 Ι
1011 4415 1047 4470 vt
1073 4416 1110 4472 er
