2496 4936
394 651 678 707 Ξ
1018 668 1067 746 51

35 834 137 925 lino,
149 838 194 913 io
210 836 337 913 cuius
358 832 492 910 intimo
503 831 637 913 recessu
648 833 833 937 Carthago
842 831 903 918 sita
918 855 994 920 erat
1008 835 1068 945 r).·

35 954 73 1028 rd
85 965 347 1027 mercaturam
359 954 513 1033 omnint.
523 949 663 1046 veliigoi
686 952 809 1027 nussum
822 956 999 1050 pindarico,
1010 986 1068 1036 ex·

39 1092 147 1166 quom
181 1067 239 1142 od
261 1068 444 1163 praeconis
470 1074 531 1139 aot
545 1062 674 1166 scribor
694 1067 883 1150 mercedemr
916 1071 1071 1169 quicquid

35 1211 69 1256 m
102 1181 198 1284 bisce
225 1177 464 1280 praesentibus
484 1180 590 1277 sineris
616 1179 799 1266 venditum,
842 1181 981 1281 publico
996 1188 1068 1287 fide

35 1298 134 1373 litori
153 1293 329 1375 debitore
356 1296 446 1390 quod
469 1294 595 1388 quidem
620 1297 654 1370 in
675 1294 798 1395 Africo
820 1308 881 1371 aul
906 1297 1067 1380 Sardinia

35 1417 68 1486 it
90 1408 294 1485 vmditum.
356 1405 418 1483 Sin
440 1410 510 1506 quis
528 1405 756 1484 Romanorum
781 1413 814 1485 in
836 1438 907 1487 eom
934 1410 1067 1493 Siciliae

35 1539 100 1601 lem
131 1526 291 1604 venerit,
337 1544 418 1618 quor
450 1525 586 1618 imperio
619 1521 931 1625 Carthaginiensem
949 1538 1063 1628 porri,

35 1667 46 1718 r
64 1662 180 1737 aquo
202 1636 360 1713 Romani
383 1638 417 1711 in
443 1632 591 1711 omnibus
606 1648 753 1715 vlunlor.
1053 1655 1056 1662 ·

93 1857 258 1936 Scilicet
271 1855 425 1942 mercis,
452 1875 564 1953 quam
583 1851 784 1930 afferebant
796 1852 957 1934 Romani
971 1882 1068 1938 mer.

35 1985 128 2048 rores
158 1976 249 2062 u),
303 1971 475 2067 priuatim
501 1967 716 2044 vendendae
751 1972 807 2044 ius
841 1985 878 2045 et
909 1971 1063 2051 facultar

35 2087 90 2161 illa
108 2100 214 2176 erat3
244 2081 305 2158 sed
323 2081 502 2181 quicquid
530 2080 767 2171 venderetur,
802 2082 951 2180 publice
975 2109 1064 2161 ven.

35 2201 159 2274 :ndum
184 2210 282 2285 erat,
326 2217 507 2293 praecone
534 2207 571 2268 et
595 2193 708 2270 scriba
746 2196 941 2295 praesente.
1009 2199 1065 2274 Si.

37 2314 72 2388 ili
102 2313 226 2388 modo
258 2326 459 2384 mercatum
499 2323 711 2386 exterorum
747 2309 993 2387 circumscribi
1023 2314 1064 2395 in

35 2426 121 2502 ultis
143 2425 273 2502 indiae
291 2426 465 2523 emporiis
482 2425 667 2498 nouimus.
729 2421 845 2516 Quod
871 2421 1062 2523 fipuolica

35 2543 66 2616 le
90 2541 249 2616 debetur
279 2536 338 2624 id,
397 2537 498 2634 quod
528 2535 677 2635 publice
708 2537 896 2613 venditum
930 2539 1061 2616 fuerit:

35 2654 99 2730 cile
123 2652 364 2748 intelligitur,
405 2653 531 2738 iniis,
576 2672 671 2748 quoe
711 2651 881 2748 priuatim
916 2653 1063 2733 vendita
1130 2646 1137 2654 ’

35 2785 115 2857 ant,
146 2765 322 2863 exigendi
340 2764 453 2839 debiti
469 2780 505 2840 ct
532 2763 775 2862 persequendi
802 2766 858 2840 ios
887 2779 924 2842 et
949 2765 1064 2844 sacul-

34 2899 105 2957 tem
132 2877 234 2955 fuisse
263 2876 413 2953 nullam.
489 2873 551 2954 De
581 2880 743 2951 emtione
768 2877 861 2954 nihil
895 2895 1062 2958 cautum:

35 3020 81 3071 tm
107 2997 199 3071 haec
219 2993 264 3069 ad
291 2990 500 3068 Poenorum
530 2988 721 3066 vtilitatem
744 3003 821 3068 tota
840 3016 907 3092 per
930 2994 965 3070 se
986 3009 1063 3072 erat

35 3123 215 3208 imparata.
276 3102 503 3182 Obseroetur
521 3120 557 3180 et
582 3104 643 3178 illa
666 3100 879 3181 Poenorum
902 3107 1063 3206 pruden-

35 3249 63 3313 ι,
95 3222 199 3322 quod
216 3222 405 3296 interiores
431 3233 543 3293 terras
570 3217 667 3293 adire
692 3216 847 3294 noluere
873 3219 1062 3297 Romanos

37 3353 235 3426 creatores3
265 3332 322 3408 sed
341 3357 388 3408 ex
407 3335 449 3407 iis
477 3333 579 3406 terris
610 3354 748 3407 merces
781 3330 841 3409 sua
868 3356 980 3433 opera
1002 3333 1064 3410 ad·

35 3451 115 3527 ilas
135 3448 197 3548 ipsi
220 3446 415 3525 vendidere
431 3442 546 3521 Poeni
564 3442 763 3532 Romanis,
794 3461 832 3521 et
846 3449 891 3522 ab
917 3451 960 3524 iis
987 3472 1064 3524 em·

35 3588 202 3641 §merces
219 3585 285 3660 per
303 3559 472 3636 Afrorum
492 3559 570 3635 sora
596 3560 736 3658 pretio,
775 3559 876 3656 quod
909 3559 973 3659 ipsi
998 3562 1064 3637 sta·

35 3683 169 3766 ebant,
187 3675 432 3752 venditarunt
479 3669 623 3750 Verum
638 3671 949 3773 circumscriptum
968 3673 1064 3752 illud

559 3785 599 3864 D
625 3812 649 3861 2
877 3787 1064 3868 vendendi

55 3981 95 4062 l)
117 3975 202 4044 Dum
225 3975 324 4040 oratio
344 3975 404 4049 esi.
429 3974 497 4055 quir
512 3984 624 4056 neget,
646 3974 738 4039 etiam
757 3974 788 4036 in
800 3976 913 4039 ceretii
929 3975 1066 4040 nonnul·

110 4064 161 4125 lie.
203 4059 263 4124 Sed
279 4063 309 4121 io
327 4072 389 4123 tem
406 4058 503 4139 prisco
515 4073 719 4122 monumento
735 4059 806 4143 quir
820 4058 967 4125 sermonis
980 4059 1067 4144 nspe-

109 4146 233 4207 rirrtem
254 4142 399 4205 miretur!

54 4258 102 4336 u)
123 4254 278 4332 Quaere·
293 4275 347 4317 eae
362 4252 497 4325 suerint,
519 4269 597 4334 quas
613 4251 746 4316 Remini
767 4252 799 4316 in
822 4259 991 4314 merentum
1011 4269 1066 4331 nn·

109 4353 232 4421 portare
257 4335 393 4418 possent,
433 4358 495 4397 non
520 4336 701 4399 inueoimnr
724 4349 940 4399 memoratum.
990 4331 1067 4397 Fru-

109 4436 215 4486 mento
231 4420 291 4499 ipsa
308 4421 412 4484 ostica
428 4420 611 4484 abundabat.
656 4423 706 4484 Ao
721 4418 830 4483 coria?
847 4414 957 4482 lenae?
979 4411 1070 4480 rinei

85 4555 90 4563 .
114 4502 207 4571 tinet
230 4501 299 4569 scr?
