2580 4996
452 677 739 736 Ε
1077 696 1131 777 99

53 862 117 949 led
150 875 189 942 et
211 862 373 943 aliorum
399 866 637 964 antiquorum
660 867 979 966 interpretationes
1006 869 1127 975 sequi.-

11 1032 12 1037 Ν
60 1003 162 1069 mur,
191 982 330 1057 tutiore
350 1001 419 1055 nos
436 980 492 1055 via
507 977 677 1055 incedere
694 981 923 1079 putabimus3
950 1007 1035 1062 narn
1050 989 1124 1069 iam

61 1090 247 1170 aPlatone
264 1093 373 1182 inde,
398 1105 478 1169 tum
495 1091 616 1168 multo
633 1095 749 1192 magis
766 1117 786 1169 a
815 1093 946 1172 Stoicis
969 1096 1125 1200 aliisque

60 1205 311 1308 philosophis,
355 1204 513 1306 plurima
542 1199 787 1306 Pythagorae,
832 1204 1010 1286 Heracliti
1035 1213 1126 1291 alio-

64 1343 220 1420 rumque
248 1320 379 1419 placita
397 1318 512 1397 exsui
527 1317 659 1397 saeculi
685 1322 901 1407 notionibus
931 1342 1123 1424 perperam

64 1431 130 1511 elle
168 1433 407 1532 interpolata,
455 1431 582 1510 multis
613 1433 791 1534 exemplis
816 1435 1046 1514 manifestum
1069 1438 1122 1521 fit.

5 1606 7 1612 a
65 1543 133 1624 Eoi
157 1549 270 1647 igitur
289 1546 387 1624 haud
418 1546 547 1635 dubie,
584 1545 608 1622 fi
633 1549 714 1647 quis
744 1548 872 1626 induat
895 1551 973 1627 eius
995 1556 1122 1632 aetatis

63 1684 182 1737 mores
212 1675 249 1738 et
276 1662 512 1760 ingeniorum
534 1660 721 1746 habitum,
751 1660 1030 1764 sermonemque
1053 1670 1123 1753 rite

58 1788 180 1851 teneat
204 1774 310 1851 illum
329 1778 542 1872 antiquum,
573 1773 688 1850 multa
707 1773 879 1852 declarari
898 1777 1045 1877 polluat
1062 1805 1122 1860 ac·

63 1891 220 1966 curatius
244 1902 281 1964 et
307 1888 486 1965 declarata
504 1888 588 1964 lunt
609 1910 629 1962 a
649 1889 733 1963 viris
747 1888 862 1967 doiiis
880 1914 965 1976 cum
979 1896 1024 1969 ab
1040 1895 1121 1972 aliis
1256 1892 1260 1899 ’

61 2016 138 2078 tum
163 2025 283 2102 nuper
299 2026 318 2080 a
334 2005 420 2079 viris
444 1998 765 2100 praestantiffimis;
801 2003 839 2080 in
863 2005 1049 2106 plerisque
1069 2022 1123 2085 ta·

59 2140 143 2192 men
164 2116 335 2194 hariolari
355 2138 424 2192 nos
441 2117 579 2202 verius,
607 2114 855 2195 coniectorum
870 2142 991 2208 more,
1009 2142 1122 2218 quam

56 2232 287 2331 interpretari
304 2226 554 2306 uetustillrmos
571 2225 743 2305 Graeciae
759 2228 1010 2331 philosophos,
1033 2233 1123 2309 fate·

56 2346 196 2420 bimur:
229 2367 349 2444 neque
370 2342 473 2419 aliter
495 2344 535 2417 in
555 2340 745 2419 Heraclito
764 2367 842 2420 rem
863 2342 1049 2424 rehabere
1067 2369 1123 2424 ar·

2 2499 4 2566 ξ
56 2459 183 2536 bltffll
200 2458 297 2536 licet.

3 1966 7 2027 l

167 2678 320 2760 Distum
347 2682 444 2764 enim
466 2679 560 2760 illud
587 2681 627 2760 de
648 2680 818 2761 animabus
838 2685 946 2787 fictir,
975 2680 1122 2784 siquod

55 2796 175 2885 aliud,
220 2799 537 2895 interpretationes
554 2797 723 2873 ‘admittit
744 2797 887 2897 plures:
929 2800 1033 2898 quod
1062 2798 1121 2877 vel

54 2911 219 2991 Musonii
247 2909 420 3009 exemplo
446 2910 674 3009 intelligitur.
748 2907 844 2988 Cum
861 2914 985 2987 ranimi
1008 2913 1121 2989 nostri

54 3028 294 3103 instrumenta
318 3028 382 3117 iis,
428 3047 522 3123 quae
539 3049 558 3101 a
575 3026 659 3100 cibo
680 3039 847 3124 potuque
867 3024 1120 3114 secernuntur,

55 3138 349 3217 exhalationibus
366 3137 567 3237 plurimum
586 3151 623 3212 et
637 3139 717 3213 acui
737 3155 772 3214 et
787 3138 967 3227 obtundi,
997 3136 1123 3212 fibras-

54 3277 125 3354 que
159 3253 299 3329 cerebri
325 3250 480 3328 intensas
517 3250 603 3328 inde
635 3248 692 3326 vel
722 3250 857 3328 laxatas
887 3266 950 3327 aut
974 3249 1121 3328 diuersis

53 3375 181 3467 atique
206 3367 327 3442 modis
349 3365 519 3465 impulsas
541 3368 635 3441 varie
657 3379 818 3442 mentem
835 3364 945 3464 ipsam
966 3360 1121 3455 afficere,

49 3481 160 3558 facile
177 3481 429 3579 unusquisque
448 3479 593 3572 lentiat3
624 3481 865 3580 inprimisque
883 3481 971 3554 vino
985 3477 1122 3576 largius

53 3594 183 3671 hausto
202 3617 379 3691 vaporum
396 3593 442 3669 ad
458 3595 648 3669 cerebrum
664 3592 698 3667 se
714 3592 974 3669 infinuantium
990 3595 1043 3667 vis
1061 3616 1124 3668 co-

54 3708 198 3809 gitandi
220 3707 528 3805 intelligendique
558 3705 765 3783 facultatem
801 3707 916 3784 modo
945 3704 1122 3795 intendat,

54 3822 173 3899 modo
207 3821 390 3898 obtundat
427 3834 464 3896 et
495 3818 684 3918 offuscet:v
712 3818 1125 3898 accommodatillimum

55 3936 139 4013 sane
155 3936 211 4031 ad
233 3933 307 4010 hoc
338 3933 572 4011 obseruatum
598 3934 712 4013 videri
739 3934 850 4012 debet
875 3931 1125 4012 Heracliteum

55 4050 171 4126 illud:
209 4053 352 4124 animam
372 4051 488 4151 fictam
513 4043 569 4151 effe
578 4047 862 4151 sapieniiffimam,
887 4069 1001 4146 quam
1016 4047 1126 4122 mini-

55 4188 161 4241 mum
187 4160 326 4239 scilicet
350 4162 523 4239 insellatis
547 4163 624 4238 eius
652 4162 840 4261 principiis
858 4175 894 4238 et
909 4163 1127 4238 instrumen-

55 4282 102 4355 tis
131 4300 198 4376 per
220 4275 481 4353 alimentorum
506 4277 657 4375 vinique
672 4274 931 4352 exhalationes.
992 4272 1127 4372 Neque

55 4407 182 4470 tamen
208 4394 258 4466 ita
281 4389 487 4468 consenum
517 4389 585 4477 est,
624 4385 851 4581 {eraclium
880 4409 1032 4488 quoque
1060 4386 1129 4462 hac

614 4502 619 4509 ’
698 4528 719 4576 2
1003 4500 1130 4576 'eudem
