710 1331
101 211 142 233 248
301 210 443 227 ,Ξ

103 258 139 278 bus
154 259 257 278 certaminis
269 258 288 278 id
300 258 329 278 vel
342 259 422 278 maxime
433 261 550 278 numeratum
560 258 594 278 eil‘e
604 258 642 278 vel-

103 286 139 309 iet,
154 290 173 306 vt
185 293 222 306 non
232 287 289 307 modo
299 293 354 312 pure,
369 287 414 306 caste
424 292 445 307 ac
454 287 563 312 diligenter,
573 293 642 306 verum

104 316 159 336 etiarn
170 319 190 334 vt
204 315 259 338 terse.
277 315 335 334 nitide
347 318 367 334 et
377 316 468 335 concinne
477 315 573 341 perscripta
585 315 643 335 elsent

104 349 136 365 ea,
159 349 207 369 quae
222 343 254 363 fibi
264 344 385 367 offerrentur3
402 343 462 363 facere
471 348 532 363 tamen
542 344 643 363 excusatio-

104 378 148 391 neni
165 376 238 397 poterat
258 376 298 392 tum
318 372 399 397 angustia
418 373 516 397 temporis,
544 372 596 397 quod
610 373 643 392 vix

105 401 228 425 congerendis
240 402 308 426 copiis,
326 400 413 420 ornandis
425 400 474 420 ha'ud
485 400 547 423 facile,
565 400 642 420 sufficie-

106 428 147 452 bat3
168 433 207 448 tum
223 429 277 454 ipsius
291 429 394 454 argumenti
408 429 491 452 indoles.
513 435 555 448 cum
568 429 643 448 materia

106 462 129 476 ex
143 457 242 482 multiplici
254 458 346 477 variorum
359 458 476 483 scriptorum,
495 458 528 483 qui
538 457 577 477 suas
588 463 643 483 pere-

106 486 219 510 grinationes
229 486 305 505 horrido
317 486 428 511 plerumque
440 489 459 505 et
473 486 550 505 barbaro
559 485 644 506 sermone

106 513 230 539 perscripsere,
241 515 298 534 multa
305 514 383 534 leffione
392 514 509 539 congerenda
518 514 565 534 elset.
586 514 645 534 Nunc

107 542 196 562 iudicium
211 544 291 562 maxime
303 543 326 562 ad
339 542 453 568 diligentiam
465 547 484 562 et
496 543 610 562 sedulitatem
622 543 644 562 in

107 571 162 590 rebus
177 572 310 596 congerendis,
333 571 479 597 perspicuitatem
492 572 513 590 in
527 571 645 596 eloquendis,

106 599 226 619 subtilitatem
239 600 259 619 in
269 600 396 625 disponendis,
415 600 489 619 tandem
497 599 520 619 ad
529 599 645 624 sagacitatem

107 628 127 647 in
143 628 223 648 videndo
235 634 268 650 eo,
288 628 339 654 quod
352 628 395 647 inde
404 628 498 653 sequatur,
515 628 617 647 institutum
626 632 647 647 et

110 656 232 681 compositum
245 656 280 676 eise
292 657 361 676 debuit.
390 656 418 676 Ad
430 656 478 676 hanc
485 660 547 676 autem
555 660 645 682 tanquam

109 690 194 704 normam
202 685 313 711 propostam
324 691 366 705 cum
372 685 433 704 exacta
442 684 498 704 effent
506 685 580 710 scripta:
592 685 646 705 facile

108 714 202 738 apparuit,
223 714 298 733 tei-tium
314 713 361 733 illud
373 714 393 732 iu
404 713 466 733 medio
481 713 534 733 cursu
542 713 645 737 substitiss‘e;

110 741 165 761 telam
177 745 238 761 tamen
251 748 290 761 non
301 741 335 761 effe
346 745 457 767 pei-textum,
477 746 528 761 tanto
540 743 598 767 magis
609 742 644 761 do-

108 769 185 789 lendum
200 774 246 793 erat,
264 771 353 796 quoniam
365 770 407 790 sunt
419 770 510 790 nonnulla
517 771 537 789 in
545 776 568 789 eo
578 770 645 795 scripto

109 803 163 818 acute
176 799 270 818 obseruata
280 805 315 818 nec
325 805 335 818 a
346 800 411 818 ceteris
422 802 489 819 nonita.
518 798 598 818 Redibat
608 799 644 824 igi-

108 830 139 846 tur
154 828 243 847 iudicium
260 827 283 847 ad
299 827 378 852 reliquas
394 827 439 847 duas
452 827 570 853 scriptiones,
596 829 646 846 inter

109 860 154 881 quas
167 856 214 875 illud
226 856 258 875 diu
266 856 369 881 suspensum
376 856 492 881 dubiumque
502 855 562 875 haefit.
591 855 645 875 Prae-

109 884 154 903 stare
164 890 201 904 vno
210 889 228 904 et
236 885 294 904 altero
303 885 379 903 nomine
388 884 444 903 videri
454 888 527 909 poterat
534 884 576 906 illa,
596 890 643 909 quae

109 913 194 938 inscripta
207 914 240 932 est:
260 913 298 939 Nist
309 914 347 932 vtilt
356 914 377 938 est
389 913 433 937 quud
441 913 517 938 facimut.
551 912 581 932 Est
592 913 643 932 enim

107 947 168 962 rerum
183 942 318 961 obl‘eruatarurn
330 947 397 966 magna
408 942 461 966 copia
473 941 575 967 proposita,
596 941 646 960 mul-

108 971 131 989 tis
144 971 162 989 in
173 971 255 995 partibus
267 976 309 989 cum
323 970 387 989 iudicii
399 970 501 989 maturitate
514 969 575 995 aliqua
585 973 604 989 et
615 976 645 989 va-

109 999 176 1018 riarum
188 1004 249 1018 rerum
258 998 385 1023 intelligentia.
411 997 475 1023 Digna
483 999 539 1023 igitur
548 1002 585 1017 erat
593 1004 645 1018 com-

109 1028 198 1046 mentatio
206 1027 257 1050 haec,
272 1033 318 1052 quae
327 1027 408 1052 praemio
415 1030 516 1046 ornaretur.
543 1025 590 1046 Ecce
600 1033 644 1046 vero

102 1055 140 1074 *sua
156 1056 193 1080 ipse
208 1056 276 1074 vineta<
285 1055 352 1074 cecidit
366 1055 428 1074 ander
441 1054 550 1080 profeffione
563 1055 603 1078 sua,
620 1055 643 1074 ab

108 1085 164 1103 animi
178 1084 254 1109 quidem
267 1083 360 1103 honestate
370 1087 388 1103 et
397 1084 477 1103 candore
485 1083 574 1108 profetia,
590 1087 609 1103 et
616 1084 645 1103 in-

107 1118 168 1137 genua
186 1112 294 1137 liberalique
310 1112 374 1131 indole
386 1112 452 1137 dignu,
481 1112 564 1131 iudicum
583 1115 645 1131 tamen

109 1142 157 1160 votis
174 1141 247 1161 aduersa
263 1144 282 1160 et
298 1141 372 1163 infesta,
396 1146 439 1160 cum
455 1141 492 1166 ipse
503 1141 606 1163 monuerit,
626 1138 644 1160 fe

561 1169 643 1189 duorum
