<?xml version="1.0" encoding="UTF-8"?>
<!DOCTYPE html PUBLIC "-//W3C//DTD XHTML 1.0 Transitional//EN"
    "http://www.w3.org/TR/xhtml1/DTD/xhtml1-transitional.dtd">
<html xmlns="http://www.w3.org/1999/xhtml" xml:lang="en" lang="en">
 <head>
  <title>
</title>
<meta http-equiv="Content-Type" content="text/html;charset=utf-8" />
  <meta name='ocr-system' content='tesseract 3.04.00' />
  <meta name='ocr-capabilities' content='ocr_page ocr_carea ocr_par ocr_line ocrx_word'/>
</head>
<body>
  <div class='ocr_page' id='page_1' title='image "./chrgheyniiprofe00heyngoog_0165.png"; bbox 0 0 710 1331; ppageno 0'>
   <div class='ocr_carea' id='block_1_1' title="bbox 95 259 640 1195">
    <p class='ocr_par' dir='ltr' id='par_1_1' title="bbox 95 259 640 1166">
     <span class='ocr_line' id='line_1_1' title="bbox 95 259 631 285; baseline 0 -6"><span class='ocrx_word' id='word_1_1' title='bbox 95 263 115 280; x_wconf 90' lang='lat' dir='ltr'>et</span> <span class='ocrx_word' id='word_1_2' title='bbox 129 265 230 285; x_wconf 82' lang='lat' dir='ltr'>regnorum</span> <span class='ocrx_word' id='word_1_3' title='bbox 242 259 343 279; x_wconf 78' lang='lat' dir='ltr'>latrociniis</span> <span class='ocrx_word' id='word_1_4' title='bbox 359 260 485 285; x_wconf 74' lang='lat' dir='ltr'>quaerebatur,</span> <span class='ocrx_word' id='word_1_5' title='bbox 522 259 569 279; x_wconf 84' lang='lat' dir='ltr'>Inde</span> <span class='ocrx_word' id='word_1_6' title='bbox 580 259 631 279; x_wconf 77' lang='lat' dir='ltr'>bella</span> 
     </span>
     <span class='ocr_line' id='line_1_2' title="bbox 96 288 630 314; baseline -0.002 -6"><span class='ocrx_word' id='word_1_7' title='bbox 96 289 196 311; x_wconf 81' lang='lat' dir='ltr'>continua,</span> <span class='ocrx_word' id='word_1_8' title='bbox 216 292 267 308; x_wconf 80' lang='lat' dir='ltr'>extra</span> <span class='ocrx_word' id='word_1_9' title='bbox 279 288 350 308; x_wconf 77' lang='lat' dir='ltr'>Italiam</span> <span class='ocrx_word' id='word_1_10' title='bbox 362 289 421 313; x_wconf 76' lang='lat' dir='ltr'>gesta,</span> <span class='ocrx_word' id='word_1_11' title='bbox 441 289 508 314; x_wconf 83' lang='lat' dir='ltr'>quibus</span> <span class='ocrx_word' id='word_1_12' title='bbox 522 288 573 308; x_wconf 77' lang='lat' dir='ltr'>ltalia</span> <span class='ocrx_word' id='word_1_13' title='bbox 586 288 630 307; x_wconf 82' lang='lat' dir='ltr'>viris</span> 
     </span>
     <span class='ocr_line' id='line_1_3' title="bbox 97 316 632 342; baseline 0 -6"><span class='ocrx_word' id='word_1_14' title='bbox 97 317 203 342; x_wconf 80' lang='lat' dir='ltr'>opibusque</span> <span class='ocrx_word' id='word_1_15' title='bbox 216 317 301 336; x_wconf 77' lang='lat' dir='ltr'>exhausta</span> <span class='ocrx_word' id='word_1_16' title='bbox 312 317 332 336; x_wconf 87' lang='lat' dir='ltr'>in</span> <span class='ocrx_word' id='word_1_17' title='bbox 344 317 462 336; x_wconf 82' lang='lat' dir='ltr'>solitudinem</span> <span class='ocrx_word' id='word_1_18' title='bbox 475 317 530 337; x_wconf 80' lang='lat' dir='ltr'>versa.</span> <span class='ocrx_word' id='word_1_19' title='bbox 563 316 632 336; x_wconf 82' lang='lat' dir='ltr'>Exina-</span> 
     </span>
     <span class='ocr_line' id='line_1_4' title="bbox 97 344 632 371; baseline -0.002 -6"><span class='ocrx_word' id='word_1_20' title='bbox 97 346 134 365; x_wconf 85' lang='lat' dir='ltr'>niri</span> <span class='ocrx_word' id='word_1_21' title='bbox 149 348 168 365; x_wconf 96' lang='lat' dir='ltr'>et</span> <span class='ocrx_word' id='word_1_22' title='bbox 180 345 257 371; x_wconf 82' lang='lat' dir='ltr'>expilari</span> <span class='ocrx_word' id='word_1_23' title='bbox 262 344 331 365; x_wconf 65' lang='lat' dir='ltr'>‘orbem</span> <span class='ocrx_word' id='word_1_24' title='bbox 338 349 427 365; x_wconf 83' lang='lat' dir='ltr'>terrarum</span> <span class='ocrx_word' id='word_1_25' title='bbox 435 345 515 368; x_wconf 85' lang='lat' dir='ltr'>diceres,</span> <span class='ocrx_word' id='word_1_26' title='bbox 530 348 550 364; x_wconf 82' lang='lat' dir='ltr'>vt</span> <span class='ocrx_word' id='word_1_27' title='bbox 557 345 576 365; x_wconf 85' lang='lat' dir='ltr'>in</span> <span class='ocrx_word' id='word_1_28' title='bbox 586 351 632 371; x_wconf 83' lang='lat' dir='ltr'>pau-</span> 
     </span>
     <span class='ocr_line' id='line_1_5' title="bbox 98 373 632 399; baseline 0 -6"><span class='ocrx_word' id='word_1_29' title='bbox 98 379 164 394; x_wconf 79' lang='lat' dir='ltr'>corum</span> <span class='ocrx_word' id='word_1_30' title='bbox 177 374 281 399; x_wconf 83' lang='lat' dir='ltr'>potentium</span> <span class='ocrx_word' id='word_1_31' title='bbox 293 374 370 396; x_wconf 82' lang='lat' dir='ltr'>domos,</span> <span class='ocrx_word' id='word_1_32' title='bbox 390 374 480 399; x_wconf 79' lang='lat' dir='ltr'>quicquid</span> <span class='ocrx_word' id='word_1_33' title='bbox 492 380 568 399; x_wconf 79' lang='lat' dir='ltr'>vsquam</span> <span class='ocrx_word' id='word_1_34' title='bbox 582 373 632 396; x_wconf 77' lang='lat' dir='ltr'>effet.</span> 
     </span>
     <span class='ocr_line' id='line_1_6' title="bbox 99 401 632 427; baseline 0 -6"><span class='ocrx_word' id='word_1_35' title='bbox 99 403 240 427; x_wconf 52' lang='lat' dir='ltr'>coquireretur</span> <span class='ocrx_word' id='word_1_36' title='bbox 253 406 272 421; x_wconf 84' lang='lat' dir='ltr'>et</span> <span class='ocrx_word' id='word_1_37' title='bbox 282 402 411 422; x_wconf 78' lang='lat' dir='ltr'>cumularetur.</span> <span class='ocrx_word' id='word_1_38' title='bbox 444 402 493 422; x_wconf 84' lang='lat' dir='ltr'>Socii</span> <span class='ocrx_word' id='word_1_39' title='bbox 508 406 527 421; x_wconf 86' lang='lat' dir='ltr'>et</span> <span class='ocrx_word' id='word_1_40' title='bbox 535 401 632 425; x_wconf 81' lang='lat' dir='ltr'>Coloniae.</span> 
     </span>
     <span class='ocr_line' id='line_1_7' title="bbox 99 430 634 456; baseline 0 -6"><span class='ocrx_word' id='word_1_41' title='bbox 99 430 211 453; x_wconf 76' lang='lat' dir='ltr'>delectibus,</span> <span class='ocrx_word' id='word_1_42' title='bbox 231 430 325 456; x_wconf 84' lang='lat' dir='ltr'>stipendiis</span> <span class='ocrx_word' id='word_1_43' title='bbox 338 434 357 450; x_wconf 88' lang='lat' dir='ltr'>et</span> <span class='ocrx_word' id='word_1_44' title='bbox 370 431 442 450; x_wconf 83' lang='lat' dir='ltr'>tributis</span> <span class='ocrx_word' id='word_1_45' title='bbox 457 431 538 453; x_wconf 78' lang='lat' dir='ltr'>attritae,</span> <span class='ocrx_word' id='word_1_46' title='bbox 560 436 599 450; x_wconf 85' lang='lat' dir='ltr'>non</span> <span class='ocrx_word' id='word_1_47' title='bbox 613 433 634 449; x_wconf 86' lang='lat' dir='ltr'>vt</span> 
     </span>
     <span class='ocr_line' id='line_1_8' title="bbox 99 459 634 484; baseline 0 -6"><span class='ocrx_word' id='word_1_48' title='bbox 99 459 140 478; x_wconf 79' lang='lat' dir='ltr'>suas</span> <span class='ocrx_word' id='word_1_49' title='bbox 154 465 182 478; x_wconf 77' lang='lat' dir='ltr'>res</span> <span class='ocrx_word' id='word_1_50' title='bbox 194 462 291 484; x_wconf 77' lang='lat' dir='ltr'>augerent.</span> <span class='ocrx_word' id='word_1_51' title='bbox 310 459 341 478; x_wconf 81' lang='lat' dir='ltr'>sed</span> <span class='ocrx_word' id='word_1_52' title='bbox 354 463 374 478; x_wconf 90' lang='lat' dir='ltr'>vt</span> <span class='ocrx_word' id='word_1_53' title='bbox 382 459 500 479; x_wconf 81' lang='lat' dir='ltr'>dominorum</span> <span class='ocrx_word' id='word_1_54' title='bbox 510 459 583 478; x_wconf 88' lang='lat' dir='ltr'>suorum</span> <span class='ocrx_word' id='word_1_55' title='bbox 591 464 634 478; x_wconf 71' lang='lat' dir='ltr'>aua-</span> 
     </span>
     <span class='ocr_line' id='line_1_9' title="bbox 101 487 634 513; baseline 0 -7"><span class='ocrx_word' id='word_1_56' title='bbox 101 488 161 507; x_wconf 86' lang='lat' dir='ltr'>ritiam</span> <span class='ocrx_word' id='word_1_57' title='bbox 178 491 197 506; x_wconf 90' lang='lat' dir='ltr'>et</span> <span class='ocrx_word' id='word_1_58' title='bbox 211 487 308 507; x_wconf 76' lang='lat' dir='ltr'>libidinem</span> <span class='ocrx_word' id='word_1_59' title='bbox 321 487 428 513; x_wconf 84' lang='lat' dir='ltr'>explerent,</span> <span class='ocrx_word' id='word_1_60' title='bbox 451 487 542 507; x_wconf 83' lang='lat' dir='ltr'>malorum</span> <span class='ocrx_word' id='word_1_61' title='bbox 554 487 634 507; x_wconf 75' lang='lat' dir='ltr'>remedia</span> 
     </span>
     <span class='ocr_line' id='line_1_10' title="bbox 99 515 635 541; baseline 0 -6"><span class='ocrx_word' id='word_1_62' title='bbox 99 516 277 541; x_wconf 80' lang='lat' dir='ltr'>circumspiciebant.</span> <span class='ocrx_word' id='word_1_63' title='bbox 311 515 336 535; x_wconf 86' lang='lat' dir='ltr'>Ea</span> <span class='ocrx_word' id='word_1_64' title='bbox 348 516 439 541; x_wconf 74' lang='lat' dir='ltr'>quidem*</span> <span class='ocrx_word' id='word_1_65' title='bbox 434 522 454 535; x_wconf 87' lang='lat' dir='ltr'>m</span> <span class='ocrx_word' id='word_1_66' title='bbox 466 517 505 535; x_wconf 82' lang='lat' dir='ltr'>iure</span> <span class='ocrx_word' id='word_1_67' title='bbox 518 521 578 541; x_wconf 82' lang='lat' dir='ltr'>aequo</span> <span class='ocrx_word' id='word_1_68' title='bbox 585 515 635 535; x_wconf 57' lang='lat' dir='ltr'>restis</span> 
     </span>
     <span class='ocr_line' id='line_1_11' title="bbox 102 543 634 569; baseline 0 -6"><span class='ocrx_word' id='word_1_69' title='bbox 102 544 173 563; x_wconf 85' lang='lat' dir='ltr'>tuendo</span> <span class='ocrx_word' id='word_1_70' title='bbox 189 544 246 569; x_wconf 77' lang='lat' dir='ltr'>polita</span> <span class='ocrx_word' id='word_1_71' title='bbox 263 543 297 564; x_wconf 81' lang='lat' dir='ltr'>ess‘e</span> <span class='ocrx_word' id='word_1_72' title='bbox 312 544 366 564; x_wconf 73' lang='lat' dir='ltr'>lacile</span> <span class='ocrx_word' id='word_1_73' title='bbox 381 545 460 569; x_wconf 82' lang='lat' dir='ltr'>quisque</span> <span class='ocrx_word' id='word_1_74' title='bbox 472 544 634 564; x_wconf 74' lang='lat' dir='ltr'>animaduertebat.</span> 
     </span>
     <span class='ocr_line' id='line_1_12' title="bbox 101 571 635 598; baseline 0 -7"><span class='ocrx_word' id='word_1_75' title='bbox 101 571 163 592; x_wconf 88' lang='lat' dir='ltr'>Latini</span> <span class='ocrx_word' id='word_1_76' title='bbox 179 573 254 598; x_wconf 78' lang='lat' dir='ltr'>quidem</span> <span class='ocrx_word' id='word_1_77' title='bbox 268 573 316 592; x_wconf 83' lang='lat' dir='ltr'>bella</span> <span class='ocrx_word' id='word_1_78' title='bbox 327 572 395 597; x_wconf 80' lang='lat' dir='ltr'>geffere</span> <span class='ocrx_word' id='word_1_79' title='bbox 406 578 449 592; x_wconf 82' lang='lat' dir='ltr'>curn</span> <span class='ocrx_word' id='word_1_80' title='bbox 457 572 552 595; x_wconf 80' lang='lat' dir='ltr'>Romanis,</span> <span class='ocrx_word' id='word_1_81' title='bbox 564 572 635 598; x_wconf 78' lang='lat' dir='ltr'>saepius</span> 
     </span>
     <span class='ocr_line' id='line_1_13' title="bbox 101 600 635 626; baseline 0 -6"><span class='ocrx_word' id='word_1_82' title='bbox 101 601 171 624; x_wconf 73' lang='lat' dir='ltr'>iterata,</span> <span class='ocrx_word' id='word_1_83' title='bbox 177 607 235 626; x_wconf 81' lang='lat' dir='ltr'>eaque</span> <span class='ocrx_word' id='word_1_84' title='bbox 239 601 313 620; x_wconf 84' lang='lat' dir='ltr'>exitiosa</span> <span class='ocrx_word' id='word_1_85' title='bbox 317 605 335 620; x_wconf 88' lang='lat' dir='ltr'>et</span> <span class='ocrx_word' id='word_1_86' title='bbox 339 602 457 623; x_wconf 89' lang='lat' dir='ltr'>interneciua,</span> <span class='ocrx_word' id='word_1_87' title='bbox 462 607 500 620; x_wconf 93' lang='lat' dir='ltr'>non</span> <span class='ocrx_word' id='word_1_88' title='bbox 504 601 539 620; x_wconf 88' lang='lat' dir='ltr'>alia</span> <span class='ocrx_word' id='word_1_89' title='bbox 544 601 567 620; x_wconf 84' lang='lat' dir='ltr'>de</span> <span class='ocrx_word' id='word_1_90' title='bbox 571 600 635 620; x_wconf 81' lang='lat' dir='ltr'>caussa.</span> 
     </span>
     <span class='ocr_line' id='line_1_14' title="bbox 102 628 636 654; baseline 0 -6"><span class='ocrx_word' id='word_1_91' title='bbox 102 628 138 649; x_wconf 82' lang='lat' dir='ltr'>His</span> <span class='ocrx_word' id='word_1_92' title='bbox 147 633 208 649; x_wconf 76' lang='lat' dir='ltr'>tamen</span> <span class='ocrx_word' id='word_1_93' title='bbox 216 630 295 649; x_wconf 80' lang='lat' dir='ltr'>maxime</span> <span class='ocrx_word' id='word_1_94' title='bbox 304 630 365 652; x_wconf 84' lang='lat' dir='ltr'>annis,</span> <span class='ocrx_word' id='word_1_95' title='bbox 379 630 446 654; x_wconf 79' lang='lat' dir='ltr'>quihus</span> <span class='ocrx_word' id='word_1_96' title='bbox 454 636 482 649; x_wconf 82' lang='lat' dir='ltr'>res</span> <span class='ocrx_word' id='word_1_97' title='bbox 490 630 512 649; x_wconf 82' lang='lat' dir='ltr'>ad</span> <span class='ocrx_word' id='word_1_98' title='bbox 523 629 592 649; x_wconf 89' lang='lat' dir='ltr'>bellum</span> <span class='ocrx_word' id='word_1_99' title='bbox 601 629 636 649; x_wconf 83' lang='lat' dir='ltr'>So-</span> 
     </span>
     <span class='ocr_line' id='line_1_15' title="bbox 102 657 637 684; baseline 0 -7"><span class='ocrx_word' id='word_1_100' title='bbox 102 657 149 677; x_wconf 74' lang='lat' dir='ltr'>ciale</span> <span class='ocrx_word' id='word_1_101' title='bbox 160 658 272 683; x_wconf 57' lang='lat' dir='ltr'>nudabant,</span> <span class='ocrx_word' id='word_1_102' title='bbox 290 659 375 677; x_wconf 86' lang='lat' dir='ltr'>omnium</span> <span class='ocrx_word' id='word_1_103' title='bbox 387 658 500 684; x_wconf 87' lang='lat' dir='ltr'>populorum</span> <span class='ocrx_word' id='word_1_104' title='bbox 513 662 532 677; x_wconf 88' lang='lat' dir='ltr'>et</span> <span class='ocrx_word' id='word_1_105' title='bbox 540 658 637 677; x_wconf 63' lang='lat' dir='ltr'>ciuitatum</span> 
     </span>
     <span class='ocr_line' id='line_1_16' title="bbox 103 685 636 708; baseline 0 -3"><span class='ocrx_word' id='word_1_106' title='bbox 103 686 200 706; x_wconf 83' lang='lat' dir='ltr'>consensus</span> <span class='ocrx_word' id='word_1_107' title='bbox 212 687 247 705; x_wconf 79' lang='lat' dir='ltr'>fuit</span> <span class='ocrx_word' id='word_1_108' title='bbox 255 692 296 706; x_wconf 86' lang='lat' dir='ltr'>eam</span> <span class='ocrx_word' id='word_1_109' title='bbox 305 687 324 705; x_wconf 87' lang='lat' dir='ltr'>in</span> <span class='ocrx_word' id='word_1_110' title='bbox 333 692 382 708; x_wconf 80' lang='lat' dir='ltr'>rem,</span> <span class='ocrx_word' id='word_1_111' title='bbox 398 692 436 706; x_wconf 87' lang='lat' dir='ltr'>non</span> <span class='ocrx_word' id='word_1_112' title='bbox 445 687 496 706; x_wconf 84' lang='lat' dir='ltr'>aliter</span> <span class='ocrx_word' id='word_1_113' title='bbox 506 686 565 706; x_wconf 81' lang='lat' dir='ltr'>saluos</span> <span class='ocrx_word' id='word_1_114' title='bbox 575 685 609 705; x_wconf 83' lang='lat' dir='ltr'>effe</span> <span class='ocrx_word' id='word_1_115' title='bbox 618 686 636 706; x_wconf 84' lang='lat' dir='ltr'>se</span> 
     </span>
     <span class='ocr_line' id='line_1_17' title="bbox 103 713 636 740; baseline 0.002 -7"><span class='ocrx_word' id='word_1_116' title='bbox 103 713 153 739; x_wconf 74' lang='lat' dir='ltr'>poss&#39;e</span> <span class='ocrx_word' id='word_1_117' title='bbox 166 714 198 733; x_wconf 84' lang='lat' dir='ltr'>nili</span> <span class='ocrx_word' id='word_1_118' title='bbox 207 718 285 740; x_wconf 83' lang='lat' dir='ltr'>aequato</span> <span class='ocrx_word' id='word_1_119' title='bbox 295 715 343 734; x_wconf 80' lang='lat' dir='ltr'>inter</span> <span class='ocrx_word' id='word_1_120' title='bbox 351 720 416 734; x_wconf 81' lang='lat' dir='ltr'>omnes</span> <span class='ocrx_word' id='word_1_121' title='bbox 425 715 507 734; x_wconf 81' lang='lat' dir='ltr'>ciuitates</span> <span class='ocrx_word' id='word_1_122' title='bbox 518 716 568 737; x_wconf 82' lang='lat' dir='ltr'>iure,</span> <span class='ocrx_word' id='word_1_123' title='bbox 585 718 605 734; x_wconf 89' lang='lat' dir='ltr'>vt</span> <span class='ocrx_word' id='word_1_124' title='bbox 612 720 636 734; x_wconf 78' lang='lat' dir='ltr'>ne</span> 
     </span>
     <span class='ocr_line' id='line_1_18' title="bbox 104 742 637 769; baseline 0 -7"><span class='ocrx_word' id='word_1_125' title='bbox 104 742 161 762; x_wconf 79' lang='lat' dir='ltr'>ess‘ent</span> <span class='ocrx_word' id='word_1_126' title='bbox 172 743 203 762; x_wconf 86' lang='lat' dir='ltr'>alii</span> <span class='ocrx_word' id='word_1_127' title='bbox 214 744 247 768; x_wconf 83' lang='lat' dir='ltr'>qui</span> <span class='ocrx_word' id='word_1_128' title='bbox 256 744 367 769; x_wconf 81' lang='lat' dir='ltr'>imperarent</span> <span class='ocrx_word' id='word_1_129' title='bbox 376 743 508 766; x_wconf 80' lang='lat' dir='ltr'>intolerabilia,</span> <span class='ocrx_word' id='word_1_130' title='bbox 523 743 553 762; x_wconf 79' lang='lat' dir='ltr'>alii</span> <span class='ocrx_word' id='word_1_131' title='bbox 562 743 594 768; x_wconf 89' lang='lat' dir='ltr'>qui</span> <span class='ocrx_word' id='word_1_132' title='bbox 602 743 637 762; x_wconf 86' lang='lat' dir='ltr'>im-</span> 
     </span>
     <span class='ocr_line' id='line_1_19' title="bbox 104 771 638 796; baseline 0 -6"><span class='ocrx_word' id='word_1_133' title='bbox 104 774 166 796; x_wconf 68' lang='lat' dir='ltr'>petam</span> <span class='ocrx_word' id='word_1_134' title='bbox 175 771 266 794; x_wconf 59' lang='lat' dir='ltr'>facerent,</span> <span class='ocrx_word' id='word_1_135' title='bbox 280 771 311 791; x_wconf 88' lang='lat' dir='ltr'>sed</span> <span class='ocrx_word' id='word_1_136' title='bbox 321 775 350 794; x_wconf 78' lang='lat' dir='ltr'>vt,</span> <span class='ocrx_word' id='word_1_137' title='bbox 368 772 525 796; x_wconf 82' lang='lat' dir='ltr'>quemadmodum</span> <span class='ocrx_word' id='word_1_138' title='bbox 538 771 609 791; x_wconf 81' lang='lat' dir='ltr'>labores</span> <span class='ocrx_word' id='word_1_139' title='bbox 618 775 638 791; x_wconf 80' lang='lat' dir='ltr'>et</span> 
     </span>
     <span class='ocr_line' id='line_1_20' title="bbox 105 799 638 825; baseline 0 -6"><span class='ocrx_word' id='word_1_140' title='bbox 105 799 217 822; x_wconf 82' lang='lat' dir='ltr'>discrimina,</span> <span class='ocrx_word' id='word_1_141' title='bbox 239 800 263 819; x_wconf 86' lang='lat' dir='ltr'>ita</span> <span class='ocrx_word' id='word_1_142' title='bbox 277 803 296 819; x_wconf 85' lang='lat' dir='ltr'>et</span> <span class='ocrx_word' id='word_1_143' title='bbox 308 801 398 825; x_wconf 76' lang='lat' dir='ltr'>praemia,</span> <span class='ocrx_word' id='word_1_144' title='bbox 417 800 473 820; x_wconf 81' lang='lat' dir='ltr'>effent</span> <span class='ocrx_word' id='word_1_145' title='bbox 484 800 571 819; x_wconf 86' lang='lat' dir='ltr'>omnibus</span> <span class='ocrx_word' id='word_1_146' title='bbox 586 805 638 819; x_wconf 84' lang='lat' dir='ltr'>com-</span> 
     </span>
     <span class='ocr_line' id='line_1_21' title="bbox 104 828 638 854; baseline 0 -7"><span class='ocrx_word' id='word_1_147' title='bbox 104 829 173 847; x_wconf 84' lang='lat' dir='ltr'>munia.</span> <span class='ocrx_word' id='word_1_148' title='bbox 204 828 259 848; x_wconf 78' lang='lat' dir='ltr'>Erant</span> <span class='ocrx_word' id='word_1_149' title='bbox 267 834 277 847; x_wconf 85' lang='lat' dir='ltr'>e</span> <span class='ocrx_word' id='word_1_150' title='bbox 284 828 372 848; x_wconf 82' lang='lat' dir='ltr'>Romanis</span> <span class='ocrx_word' id='word_1_151' title='bbox 383 828 431 848; x_wconf 86' lang='lat' dir='ltr'>haud</span> <span class='ocrx_word' id='word_1_152' title='bbox 442 829 495 854; x_wconf 86' lang='lat' dir='ltr'>pauci</span> <span class='ocrx_word' id='word_1_153' title='bbox 505 829 538 853; x_wconf 89' lang='lat' dir='ltr'>qui</span> <span class='ocrx_word' id='word_1_154' title='bbox 548 828 591 847; x_wconf 82' lang='lat' dir='ltr'>iusta</span> <span class='ocrx_word' id='word_1_155' title='bbox 600 828 638 853; x_wconf 76' lang='lat' dir='ltr'>peti</span> 
     </span>
     <span class='ocr_line' id='line_1_22' title="bbox 104 857 638 882; baseline 0 -6"><span class='ocrx_word' id='word_1_156' title='bbox 104 859 124 876; x_wconf 86' lang='lat' dir='ltr'>et</span> <span class='ocrx_word' id='word_1_157' title='bbox 135 857 260 882; x_wconf 86' lang='lat' dir='ltr'>intelligerent</span> <span class='ocrx_word' id='word_1_158' title='bbox 270 861 289 876; x_wconf 84' lang='lat' dir='ltr'>et</span> <span class='ocrx_word' id='word_1_159' title='bbox 301 857 400 876; x_wconf 84' lang='lat' dir='ltr'>faterentur</span> <span class='ocrx_word' id='word_1_160' title='bbox 404 863 410 881; x_wconf 82' lang='lat'>3</span> <span class='ocrx_word' id='word_1_161' title='bbox 425 857 487 877; x_wconf 82' lang='lat' dir='ltr'>ltaliae</span> <span class='ocrx_word' id='word_1_162' title='bbox 496 858 545 876; x_wconf 88' lang='lat' dir='ltr'>enim</span> <span class='ocrx_word' id='word_1_163' title='bbox 555 857 638 876; x_wconf 82' lang='lat' dir='ltr'>conditio</span> 
     </span>
     <span class='ocr_line' id='line_1_23' title="bbox 106 885 639 911; baseline 0 -7"><span class='ocrx_word' id='word_1_164' title='bbox 106 889 145 904; x_wconf 86' lang='lat' dir='ltr'>erat</span> <span class='ocrx_word' id='word_1_165' title='bbox 153 885 210 910; x_wconf 88' lang='lat' dir='ltr'>longe</span> <span class='ocrx_word' id='word_1_166' title='bbox 221 885 323 904; x_wconf 80' lang='lat' dir='ltr'>trississima:</span> <span class='ocrx_word' id='word_1_167' title='bbox 340 891 389 907; x_wconf 76' lang='lat' dir='ltr'>nani,</span> <span class='ocrx_word' id='word_1_168' title='bbox 399 889 526 911; x_wconf 81' lang='lat' dir='ltr'>praeterquam</span> <span class='ocrx_word' id='word_1_169' title='bbox 537 885 599 910; x_wconf 87' lang='lat' dir='ltr'>quod,</span> <span class='ocrx_word' id='word_1_170' title='bbox 618 888 639 904; x_wconf 83' lang='lat' dir='ltr'>vt</span> 
     </span>
     <span class='ocr_line' id='line_1_24' title="bbox 106 913 637 939; baseline 0 -7"><span class='ocrx_word' id='word_1_171' title='bbox 106 913 197 936; x_wconf 81' lang='lat' dir='ltr'>diximus,</span> <span class='ocrx_word' id='word_1_172' title='bbox 217 914 257 938; x_wconf 84' lang='lat' dir='ltr'>post</span> <span class='ocrx_word' id='word_1_173' title='bbox 269 914 316 933; x_wconf 87' lang='lat' dir='ltr'>bella</span> <span class='ocrx_word' id='word_1_174' title='bbox 329 914 409 939; x_wconf 86' lang='lat' dir='ltr'>primum</span> <span class='ocrx_word' id='word_1_175' title='bbox 424 920 467 933; x_wconf 87' lang='lat' dir='ltr'>cum</span> <span class='ocrx_word' id='word_1_176' title='bbox 482 913 571 934; x_wconf 79' lang='lat' dir='ltr'>Romanis</span> <span class='ocrx_word' id='word_1_177' title='bbox 582 913 637 938; x_wconf 83' lang='lat' dir='ltr'>gesta,</span> 
     </span>
     <span class='ocr_line' id='line_1_25' title="bbox 105 941 639 967; baseline 0 -6"><span class='ocrx_word' id='word_1_178' title='bbox 105 947 152 961; x_wconf 82' lang='lat' dir='ltr'>mox</span> <span class='ocrx_word' id='word_1_179' title='bbox 160 941 224 967; x_wconf 80' lang='lat' dir='ltr'>Pyrrhi</span> <span class='ocrx_word' id='word_1_180' title='bbox 233 945 252 961; x_wconf 88' lang='lat' dir='ltr'>et</span> <span class='ocrx_word' id='word_1_181' title='bbox 259 941 364 964; x_wconf 83' lang='lat' dir='ltr'>Annibalis,</span> <span class='ocrx_word' id='word_1_182' title='bbox 378 943 397 961; x_wconf 89' lang='lat' dir='ltr'>in</span> <span class='ocrx_word' id='word_1_183' title='bbox 405 942 486 967; x_wconf 74' lang='lat' dir='ltr'>singulos</span> <span class='ocrx_word' id='word_1_184' title='bbox 495 942 533 961; x_wconf 84' lang='lat' dir='ltr'>fere</span> <span class='ocrx_word' id='word_1_185' title='bbox 540 948 599 961; x_wconf 82' lang='lat' dir='ltr'>anuos</span> <span class='ocrx_word' id='word_1_186' title='bbox 607 942 639 961; x_wconf 56' lang='lat' dir='ltr'>de»</span> 
     </span>
     <span class='ocr_line' id='line_1_26' title="bbox 105 970 638 996; baseline 0 -7"><span class='ocrx_word' id='word_1_187' title='bbox 105 970 192 992; x_wconf 75' lang='lat' dir='ltr'>lefflbus,</span> <span class='ocrx_word' id='word_1_188' title='bbox 215 970 308 995; x_wconf 81' lang='lat' dir='ltr'>stipendiis</span> <span class='ocrx_word' id='word_1_189' title='bbox 326 974 345 989; x_wconf 90' lang='lat' dir='ltr'>et</span> <span class='ocrx_word' id='word_1_190' title='bbox 360 971 432 990; x_wconf 86' lang='lat' dir='ltr'>tributis</span> <span class='ocrx_word' id='word_1_191' title='bbox 449 971 541 996; x_wconf 84' lang='lat' dir='ltr'>imperatis</span> <span class='ocrx_word' id='word_1_192' title='bbox 554 970 638 990; x_wconf 84' lang='lat' dir='ltr'>exhausta</span> 
     </span>
     <span class='ocr_line' id='line_1_27' title="bbox 105 999 639 1024; baseline 0 -6"><span class='ocrx_word' id='word_1_193' title='bbox 105 1002 144 1018; x_wconf 80' lang='lat' dir='ltr'>erat</span> <span class='ocrx_word' id='word_1_194' title='bbox 157 999 226 1024; x_wconf 85' lang='lat' dir='ltr'>copiis;</span> <span class='ocrx_word' id='word_1_195' title='bbox 248 1005 291 1023; x_wconf 82' lang='lat' dir='ltr'>ager</span> <span class='ocrx_word' id='word_1_196' title='bbox 301 1005 311 1018; x_wconf 84' lang='lat' dir='ltr'>a</span> <span class='ocrx_word' id='word_1_197' title='bbox 321 999 409 1018; x_wconf 86' lang='lat' dir='ltr'>diuitibus</span> <span class='ocrx_word' id='word_1_198' title='bbox 418 1003 519 1024; x_wconf 84' lang='lat' dir='ltr'>occupatus</span> <span class='ocrx_word' id='word_1_199' title='bbox 526 1005 559 1024; x_wconf 86' lang='lat' dir='ltr'>per</span> <span class='ocrx_word' id='word_1_200' title='bbox 568 999 639 1018; x_wconf 70' lang='lat' dir='ltr'>seruitia</span> 
     </span>
     <span class='ocr_line' id='line_1_28' title="bbox 106 1027 639 1052; baseline 0 -6"><span class='ocrx_word' id='word_1_201' title='bbox 106 1027 211 1050; x_wconf 78' lang='lat' dir='ltr'>colebatur,</span> <span class='ocrx_word' id='word_1_202' title='bbox 230 1027 282 1052; x_wconf 87' lang='lat' dir='ltr'>quod</span> <span class='ocrx_word' id='word_1_203' title='bbox 293 1031 312 1046; x_wconf 87' lang='lat' dir='ltr'>et</span> <span class='ocrx_word' id='word_1_204' title='bbox 324 1028 381 1046; x_wconf 83' lang='lat' dir='ltr'>tutius</span> <span class='ocrx_word' id='word_1_205' title='bbox 390 1031 408 1047; x_wconf 85' lang='lat' dir='ltr'>et</span> <span class='ocrx_word' id='word_1_206' title='bbox 416 1027 523 1047; x_wconf 68' lang='lat' dir='ltr'>frustuofius</span> <span class='ocrx_word' id='word_1_207' title='bbox 531 1031 569 1046; x_wconf 89' lang='lat' dir='ltr'>erat</span> <span class='ocrx_word' id='word_1_208' title='bbox 579 1027 639 1046; x_wconf 79' lang='lat' dir='ltr'>donii-</span> 
     </span>
     <span class='ocr_line' id='line_1_29' title="bbox 105 1055 639 1080; baseline 0 -5"><span class='ocrx_word' id='word_1_209' title='bbox 105 1056 145 1078; x_wconf 87' lang='lat' dir='ltr'>nis,</span> <span class='ocrx_word' id='word_1_210' title='bbox 160 1056 243 1080; x_wconf 78' lang='lat' dir='ltr'>inprimis</span> <span class='ocrx_word' id='word_1_211' title='bbox 251 1061 294 1075; x_wconf 83' lang='lat' dir='ltr'>cum</span> <span class='ocrx_word' id='word_1_212' title='bbox 303 1056 334 1075; x_wconf 86' lang='lat' dir='ltr'>illa</span> <span class='ocrx_word' id='word_1_213' title='bbox 342 1055 398 1075; x_wconf 79' lang='lat' dir='ltr'>ess‘ent</span> <span class='ocrx_word' id='word_1_214' title='bbox 407 1056 496 1075; x_wconf 83' lang='lat' dir='ltr'>immunia</span> <span class='ocrx_word' id='word_1_215' title='bbox 505 1062 515 1075; x_wconf 84' lang='lat' dir='ltr'>a</span> <span class='ocrx_word' id='word_1_216' title='bbox 526 1056 601 1079; x_wconf 73' lang='lat' dir='ltr'>militi33</span> <span class='ocrx_word' id='word_1_217' title='bbox 614 1056 639 1074; x_wconf 78' lang='lat' dir='ltr'>ita</span> 
     </span>
     <span class='ocr_line' id='line_1_30' title="bbox 106 1084 639 1109; baseline 0 -6"><span class='ocrx_word' id='word_1_218' title='bbox 106 1089 140 1109; x_wconf 83' lang='lat' dir='ltr'>per</span> <span class='ocrx_word' id='word_1_219' title='bbox 152 1084 294 1109; x_wconf 80' lang='lat' dir='ltr'>infrequentiam</span> <span class='ocrx_word' id='word_1_220' title='bbox 303 1085 375 1103; x_wconf 76' lang='lat' dir='ltr'>vrbium</span> <span class='ocrx_word' id='word_1_221' title='bbox 384 1088 402 1103; x_wconf 87' lang='lat' dir='ltr'>et</span> <span class='ocrx_word' id='word_1_222' title='bbox 411 1090 497 1109; x_wconf 79' lang='lat' dir='ltr'>agrorum</span> <span class='ocrx_word' id='word_1_223' title='bbox 505 1087 556 1103; x_wconf 86' lang='lat' dir='ltr'>tanto</span> <span class='ocrx_word' id='word_1_224' title='bbox 564 1085 639 1109; x_wconf 73' lang='lat' dir='ltr'>grauius</span> 
     </span>
     <span class='ocr_line' id='line_1_31' title="bbox 106 1112 640 1138; baseline 0 -7"><span class='ocrx_word' id='word_1_225' title='bbox 106 1118 155 1131; x_wconf 78' lang='lat' dir='ltr'>onus</span> <span class='ocrx_word' id='word_1_226' title='bbox 168 1112 278 1131; x_wconf 76' lang='lat' dir='ltr'>deuolutum</span> <span class='ocrx_word' id='word_1_227' title='bbox 291 1116 329 1131; x_wconf 88' lang='lat' dir='ltr'>erat</span> <span class='ocrx_word' id='word_1_228' title='bbox 341 1113 359 1131; x_wconf 92' lang='lat' dir='ltr'>in</span> <span class='ocrx_word' id='word_1_229' title='bbox 372 1118 441 1137; x_wconf 82' lang='lat' dir='ltr'>paucos</span> <span class='ocrx_word' id='word_1_230' title='bbox 453 1114 485 1138; x_wconf 89' lang='lat' dir='ltr'>qui</span> <span class='ocrx_word' id='word_1_231' title='bbox 498 1112 602 1137; x_wconf 78' lang='lat' dir='ltr'>supererant</span> <span class='ocrx_word' id='word_1_232' title='bbox 611 1113 640 1131; x_wconf 93' lang='lat' dir='ltr'>in-</span> 
     </span>
     <span class='ocr_line' id='line_1_32' title="bbox 105 1140 639 1166; baseline -0.002 -6"><span class='ocrx_word' id='word_1_233' title='bbox 105 1146 188 1166; x_wconf 72' lang='lat' dir='ltr'>genuos,</span> <span class='ocrx_word' id='word_1_234' title='bbox 203 1140 225 1160; x_wconf 88' lang='lat' dir='ltr'>ad</span> <span class='ocrx_word' id='word_1_235' title='bbox 232 1141 297 1160; x_wconf 84' lang='lat' dir='ltr'>eadem</span> <span class='ocrx_word' id='word_1_236' title='bbox 304 1141 392 1166; x_wconf 77' lang='lat' dir='ltr'>imperata</span> <span class='ocrx_word' id='word_1_237' title='bbox 400 1140 511 1166; x_wconf 78' lang='lat' dir='ltr'>praestanda,</span> <span class='ocrx_word' id='word_1_238' title='bbox 524 1147 570 1166; x_wconf 81' lang='lat' dir='ltr'>quae</span> <span class='ocrx_word' id='word_1_239' title='bbox 580 1144 639 1163; x_wconf 82' lang='lat' dir='ltr'>antea,</span> 
     </span>
    </p>

    <p class='ocr_par' dir='ltr' id='par_1_2' title="bbox 559 1169 640 1195">
     <span class='ocr_line' id='line_1_33' title="bbox 559 1169 640 1195; baseline -0.012 -6"><span class='ocrx_word' id='word_1_240' title='bbox 559 1169 640 1195; x_wconf 82' lang='lat' dir='ltr'>quadru-</span> 
     </span>
    </p>
   </div>
   <div class='ocr_carea' id='block_1_2' title="bbox 86 206 137 235">
    <p class='ocr_par' dir='ltr' id='par_1_3' title="bbox 86 206 137 235">
     <span class='ocr_line' id='line_1_34' title="bbox 86 206 137 235; baseline -0.02 -4"><span class='ocrx_word' id='word_1_241' title='bbox 86 206 137 235; x_wconf 66' lang='lat'>&#39;1150</span> 
     </span>
    </p>
   </div>
   <div class='ocr_carea' id='block_1_3' title="bbox 291 224 431 228">
    <p class='ocr_par' dir='ltr' id='par_1_4' title="bbox 291 224 431 228">
     <span class='ocr_line' id='line_1_35' title="bbox 291 224 431 228; baseline 0 0"><span class='ocrx_word' id='word_1_242' title='bbox 291 224 431 228; x_wconf 95' lang='lat' dir='ltr'> </span> 
     </span>
    </p>
   </div>
  </div>
 </body>
</html>
