710 1331
275 225 417 250 ΞΞ-έ·
570 231 609 250 295

72 270 134 296 'abestss
153 276 173 292 vt
184 273 206 292 ad
214 279 278 293 venun
287 273 388 293 videndum
398 277 451 293 acuat
462 273 528 293 oeulos
539 274 610 294 obieda

72 302 134 327 caligo
146 305 165 321 et
177 302 258 321 caecitas.
286 300 373 321 Versatur
384 302 445 321 saltem
456 303 475 321 in
486 302 558 322 lubrico
569 308 610 322 om.

67 331 103 350 -nis
112 331 143 350 hic
151 334 228 350 conatus
235 330 320 349 homiues
329 335 361 354 per
369 331 406 349 veri
414 331 536 355 ignorantiam
545 337 608 350 emen.

71 358 139 381 dandi,
160 363 178 378 et
192 358 244 377 reffls
258 359 311 377 vnius
326 358 411 383 sapientis
425 358 504 378 consiliis
517 359 609 378 insinuant

71 386 89 406 se
103 387 231 406 sexcentorum
246 386 318 406 fraudes
330 392 354 405 ex
368 386 447 406 aliorum
458 386 564 412 desipientia
573 388 608 407 suis

70 415 127 434 rebus
144 414 286 434 consulentium.
322 414 356 434 Per
373 420 438 434 omnes
452 419 519 434 aetates
532 415 608 440 grassata

71 443 114 463 sunt
124 449 144 462 ta
153 444 264 468 opinionum
278 441 369 466 ludibria,v
382 449 435 469 quae,
450 449 493 463 cum
506 443 606 468 symbolice

71 475 90 491 et
106 472 206 496 allegorice
223 471 279 491 essent
289 471 387 492 redhibita.
403 472 489 497 sapienti,
503 473 607 497 quinotio-

70 506 115 519 nem
127 500 194 519 bonam
209 503 228 519 et
241 500 312 522 sanam,
332 505 387 524 quarn
399 500 504 523 subiiceret.
524 500 605 523 haberet,

70 534 110 547 non
122 529 201 547 omnino
213 528 314 553 improbari
326 531 419 553 poterant:
440 534 483 548 cnm
496 529 565 548 interea
574 529 606 548 illa

69 557 142 576 animos
160 556 238 576 aliorum
253 556 407 581 phantasmatibus
421 556 568 581 superstitionum
585 563 606 576 ac

69 584 142 610 speetris
154 585 229 604 obiectis
241 585 345 608 turbarent;
362 584 381 604 id
392 585 443 610 quod
452 585 500 604 haud
511 584 605 608 euenisset,

69 613 84 633 fi
103 612 205 632 maluiffent
226 613 315 638 sapientes
332 613 399 637 vulgus
416 619 472 637 paura
490 613 539 638 plane
557 612 605 639 nofft,

70 647 126 666 quam
144 641 196 660 multa
210 642 276 667 obsum
293 647 313 660 ac
328 641 374 660 mule.
410 641 427 660 A
442 640 567 666 Cosmogonia
586 645 606 661 et

69 669 190 695 Theogonia,
211 669 311 695 symbolice
326 669 424 692 declarata,
441 673 509 694 quanta
524 669 606 694 philoso-

68 698 123 723 phiae
132 699 198 717 veteris
209 704 250 723 pars
261 697 332 717 fluxisse
343 697 400 718 videri
415 697 479 717 debet!
496 697 524 717 Ad
539 698 605 718 seriora

70 727 125 746 etiam
137 730 221 752 tempora
233 727 252 745 in
266 725 343 750 Qriente
356 726 386 745 issa
401 726 542 751 philosophandi
558 727 604 746 ratio

68 755 176 780 permanan
196 754 229 774 nifi
242 754 302 779 quod,
321 755 413 780 principio
428 754 478 774 malo
492 755 511 773 in
526 754 606 779 discipli-

68 789 111 802 nam
130 783 215 805 induc'lo,
240 783 292 802 suurn
311 783 343 802 illa
361 782 393 802 sibi
410 783 492 802 habitum
511 783 605 802 induerat:

69 812 103 836 qui
116 817 173 833 mox,
197 811 281 835 inprimis
296 811 343 830 inter
356 810 500 835 Alexandrinos,
527 810 605 836 aliisque

69 840 90 859 in
107 840 168 861 terris,
196 839 266 858 adscitis
279 838 510 863 Pythagoreo-Platonicis
526 838 605 863 placitis,

68 868 169 887 admodum
177 867 298 887 fuitvariatus.
313 867 370 886 Nulla
376 867 423 886 forte
428 866 606 887 auteffetautsuisset

69 896 143 921 mystica
157 895 249 918 dodrina,
269 895 292 917 si,
305 901 352 920 quae
364 896 463 920 allegorice
474 901 494 915 ac
504 895 605 920 symbolice

69 925 211 950 proposuerant,
228 924 302 949 proprie
316 923 380 943 efferre
395 923 497 943 maluissent
511 923 549 946 illi,
567 924 604 949 qni

68 953 133 972 talium
150 953 264 977 systematum
284 951 365 971 auderes
384 952 439 971 fuere.
473 951 500 971 Ita
514 958 550 971 nec
566 952 604 971 vlla

68 980 128 1000 suisset
147 981 216 1005 magia
242 980 275 999 nisi
294 984 377 999 veterum
395 980 552 1005 philosophemata
570 986 604 1005 per

65 1009 151 1034 symbola
165 1009 235 1028 reddita
242 1008 325 1028 fraudem
333 1009 439 1028 hominibus
447 1008 533 1028 fecissent.
554 1007 603 1027 cum

70 1038 120 1057 enirn
132 1037 164 1056 illa
176 1037 256 1056 versetur
272 1037 319 1056 circa
331 1038 406 1056 virtutes
415 1043 476 1056 rerum
489 1040 563 1056 natum:
572 1042 604 1056 oc-

70 1066 137 1087 cultas,
155 1069 187 1084 aut
199 1066 319 1090 proprietates
328 1071 348 1084 ac
355 1066 431 1084 virtutes
439 1066 530 1087 numinis,
545 1070 604 1090 quan-

70 1094 172 1119 doquidem
184 1097 203 1113 et
215 1093 257 1113 illae
271 1097 289 1112 et
300 1093 334 1112 hae
345 1094 401 1112 veteri
410 1099 453 1113 cum
462 1093 604 1118 philosophandi

66 1126 111 1142 -mrn
125 1122 226 1147 eloquendi
237 1128 289 1141 more
304 1122 322 1140 in
332 1122 425 1147 personas.
439 1122 522 1147 adeoque
530 1123 549 1141 in
558 1122 604 1140 deo·

71 1150 102 1171 seu
111 1151 211 1172 daemonas
223 1156 244 1170 ac
256 1150 332 1175 genios,
349 1149 405 1173 essent
415 1155 504 1173 mutatae,
518 1151 605 1169 inuentae

379 1178 396 1197 T
411 1184 425 1203 4
565 1177 608 1197 suut
