2496 4936
42 661 45 666 Δ
106 645 157 727 ῃ
490 616 790 689 m

97 815 214 921 solem
232 813 450 892 mirarentur
456 837 469 907 3
502 826 543 889 vt
559 835 649 890 vero
666 812 797 891 diuino
812 811 939 914 aliquo
955 812 1059 909 cultu
1071 837 1174 907 reum.

99 942 379 1019 venerarentur,
410 926 487 1003 fieri
502 951 579 1004 non
602 925 759 1027 potuisse
784 927 928 1005 videtur
945 941 1030 1005 ante
1056 952 1169 1028 agro·¹

98 1037 184 1124 r'um
201 1043 344 1120 cultum
359 1055 547 1142 repertum
565 1041 624 1117 vel
638 1040 803 1131 illatum,
830 1064 908 1142 quo
935 1041 1086 1119 demum
1108 1045 1172 1119 in.

54 1218 57 1224 .
99 1157 288 1244 telletlum
304 1156 373 1246 est,
404 1170 541 1256 quanta
565 1154 608 1233 lit
623 1154 778 1233 solis'vis
805 1156 852 1232 ad
877 1154 1002 1255 fruges
1025 1155 1167 1256 produ·

99 1271 252 1372 eendas3
281 1284 361 1347 turn
379 1282 591 1370 temporum
609 1271 705 1347 vices
728 1269 774 1347 ad
797 1274 876 1346 eius
894 1272 992 1348 vices
1016 1292 1058 1363 ao
1080 1293 1166 1348 cur·

99 1385 179 1464 sum
194 1385 431 1478 constitutae3
457 1384 544 1460 indo
560 1383 606 1459 ad
621 1383 749 1461 lunam
771 1407 812 1462 ac
828 1383 940 1473 sidera
964 1381 1071 1471 fimili
1094 1387 1164 1470 mi-

98 1503 242 1596 ratione
257 1521 299 1576 ac
330 1497 511 1596 religione
534 1496 811 1598 completlenda
835 1494 1048 1598 procellunt
1115 1496 1170 1590 In,

99 1615 144 1711 iis
162 1617 287 1712 itaque
301 1611 411 1701 locis,
443 1614 481 1687 in
497 1613 634 1713 quibus
650 1615 827 1694 maturior
844 1611 914 1699 fuit
934 1613 1067 1707 aratio,
1086 1636 1164 1699 ma·

99 1728 278 1821 tutiorem
294 1748 448 1825 quoque
462 1725 547 1802 solis
565 1739 603 1802 et
627 1723 784 1816 siderum
812 1724 954 1803 cultum
979 1722 1161 1826 prodiisse,

33 1844 36 1848 ’
99 1843 184 1942 quis
203 1862 280 1916 non
297 1839 497 1939 intelligat,
523 1853 560 1916 et
576 1836 679 1916 fimul
700 1839 794 1918 illud
810 1839 1019 1940 perspiciat,
1054 1841 1100 1924 ab
1118 1841 1167 1928 iis!

98 1954 241 2052 ingenii
256 1954 407 2061 humani
426 1949 653 2053 progressum
663 1950 765 2030 fuisse
782 1952 926 2030 facilem
947 1966 984 2030 et
1000 1976 1169 2052 pronum,

99 2067 147 2145 ad
161 2082 309 2144 naturae
326 2069 421 2144 vires
437 2067 679 2167 generatrices
695 2066 939 2166 indagandam
969 2088 1060 2166 quas
1074 2053 1164 2143 oum

99 2170 167 2285 suo
198 2206 302 2259 more
329 2204 396 2282 per
424 2172 591 2282 symbola
614 2182 895 2270 constituerent,
932 2180 1165 2278 idololatriae„

98 2295 207 2384 inde,
256 2318 368 2395 quarn
390 2295 603 2395 appellant,
647 2294 783 2385 semina
805 2297 874 2370 iaci
903 2291 1082 2385 debuisse,
1124 2309 1164 2372 et·

29 2473 33 2480 .
100 2434 143 2509 ea
157 2433 226 2511 pro
243 2410 478 2508 ingeniorum
496 2432 538 2486 ac
558 2408 728 2486 locorum
745 2410 916 2485 varietate
932 2410 1027 2485 varia
1045 2432 1087 2486 ac
1106 2407 1162 2484 di·

99 2523 211 2602 uersa.
252 2519 325 2601 Alii
340 2522 551 2601 subodorati
562 2521 773 2598 suntrerurn
790 2521 981 2610 elementa,
991 2524 1088 2620 ignis
1103 2524 1162 2596 in·

59 2700 62 2703 .
100 2640 229 2754 primis
246 2651 284 2715 et
301 2639 410 2733 aeris3
440 2635 526 2714 inde
545 2636 635 2713 caeli
651 2634 869 2734 religionem
894 2649 931 2711 et
955 2636 1162 2717 elemento,

100 2776 185 2850 rum
207 2748 278 2827 suis
301 2749 477 2849 symbolis
501 2746 768 2850 expresserunt;
787 2772 852 2848 per
870 2762 1079 2847 temporum
1096 2747 1159 2824 de·

99 2863 424 2962 eursumvariatam
434 2878 471 2940 et
486 2866 717 2964 optimorum
727 2861 1160 2950 autlornntsensuadmo-

98 2979 190 3059 durn
205 2976 394 3055 deflexam.
453 2974 574 3077 Atque
589 2979 637 3054 ita
652 3000 710 3053 res
726 2976 760 3052 se
774 2976 904 3061 habuit
929 2979 1025 3052 inter
1047 2971 1158 3061 Chal·

99 3093 210 3170 daeos
229 3105 266 3169 et
283 3088 524 3194 Babylonios,
545 3091 637 3167 inde
656 3114 721 3190 per
741 3089 969 3191 Aegyptum,
995 3111 1074 3166 tum
1092 3112 1159 3190 per

51 3268 53 3272 -
99 3194 265 3288 Orientis
283 3220 393 3284 terrae
412 3206 497 3282 alias
504 3231 516 3299 3
542 3228 620 3281 non
639 3207 727 3281 itern
744 3205 842 3304 apud
858 3203 948 3283 alios
971 3204 1157 3295 barbaros,

96 3322 138 3398 in
159 3319 239 3397 aliis
255 3319 348 3399 locis
364 3343 407 3397 ac
424 3321 516 3396 vitae
533 3320 740 3417 generibus.

110 3425 112 3431 ²
177 3435 181 3444 ’
205 3432 281 3518 Alii
297 3436 396 3510 enim
414 3434 573 3523 barbari,
587 3431 758 3509 siluarum
773 3429 1163 3522 horrore,'flunrinun1;

94 3548 265 3637 fremitu,
295 3547 441 3625 laeuum
458 3547 669 3637 altitudine,
694 3548 880 3629 montium
896 3548 1030 3622 uertice
1048 3544 1160 3641 elato,

97 3660 274 3751 eontatlis
287 3663 428 3752 animis,
454 3661 499 3738 nd
519 3660 604 3738 alias
622 3672 771 3737 naturae
789 3675 909 3759 partes
922 3659 1159 3758 stupuerunt;

97 3776 184 3874 inde
208 3777 378 3865 miratio,
417 3776 567 3864 horror,
602 3788 743 3864 metus,
789 3775 855 3873 qui
875 3771 1163 3872 adreligionem.

97 3903 242 3990 paratos
266 3913 309 3965 ac
330 3889 516 3989 procliues
544 3886 711 3977 reddidit.
780 3884 895 3968 Inesse
922 3899 959 3963 et
975 3888 1019 3974 iis
1035 3910 1162 3984 return

96 4001 282 4084 miraculis
301 4001 461 4104 aliquant
478 4018 664 4092 naturam,
699 4024 813 4103 quae,
842 4018 882 4075 vt
900 4023 941 4077 ea
955 3997 1086 4091 essent,
1120 4016 1164 4087 vt

98 4119 291 4221 durarent,
327 4117 497 4206 atseris,
532 4115 710 4216 piscibus,
740 4113 970 4203 utensilibus,
995 4114 1160 4191 abunda·

97 4248 198 4320 rent,
238 4225 415 4323 effieeret‚
454 4230 559 4308 facile
587 4227 652 4307 fibi
678 4226 888 4330 persuasere.
954 4224 1052 4314 Inde
1071 4250 1159 4325 pro·

97 4344 214 4457 lapsae
229 4340 374 4454 palliat,
397 4344 522 4451 saltem
538 4367 624 4441 cun
640 4337 1035 4444 temperunsuceelsu
1055 4364 1160 4427 men·

775 4462 778 4470 '
1104 4467 1160 4532 ter
