<?xml version="1.0" encoding="UTF-8"?>
<!DOCTYPE html PUBLIC "-//W3C//DTD XHTML 1.0 Transitional//EN"
    "http://www.w3.org/TR/xhtml1/DTD/xhtml1-transitional.dtd">
<html xmlns="http://www.w3.org/1999/xhtml" xml:lang="en" lang="en">
 <head>
  <title>
</title>
<meta http-equiv="Content-Type" content="text/html;charset=utf-8" />
  <meta name='ocr-system' content='tesseract 3.04.00' />
  <meta name='ocr-capabilities' content='ocr_page ocr_carea ocr_par ocr_line ocrx_word'/>
</head>
<body>
  <div class='ocr_page' id='page_1' title='image "./chrgheyniiprofe00heyngoog_0143.png"; bbox 0 0 710 1331; ppageno 0'>
   <div class='ocr_carea' id='block_1_1' title="bbox 126 211 459 233">
    <p class='ocr_par' dir='ltr' id='par_1_1' title="bbox 126 211 459 233">
     <span class='ocr_line' id='line_1_1' title="bbox 126 211 459 233; baseline 0.003 -11"><span class='ocrx_word' id='word_1_1' title='bbox 126 214 163 233; x_wconf 78' lang='lat'>128</span> <span class='ocrx_word' id='word_1_2' title='bbox 317 211 459 223; x_wconf 83' lang='lat'>—</span> 
     </span>
    </p>
   </div>
   <div class='ocr_carea' id='block_1_2' title="bbox 320 223 457 230">
    <p class='ocr_par' dir='ltr' id='par_1_2' title="bbox 320 223 457 230">
     <span class='ocr_line' id='line_1_2' title="bbox 320 223 457 230; baseline 0 0"><span class='ocrx_word' id='word_1_3' title='bbox 320 223 457 230; x_wconf 95' lang='lat' dir='ltr'> </span> 
     </span>
    </p>
   </div>
   <div class='ocr_carea' id='block_1_3' title="bbox 117 258 657 1079">
    <p class='ocr_par' dir='ltr' id='par_1_3' title="bbox 117 258 657 1079">
     <span class='ocr_line' id='line_1_3' title="bbox 121 258 657 285; baseline 0 -5"><span class='ocrx_word' id='word_1_4' title='bbox 121 260 141 280; x_wconf 78' lang='lat' dir='ltr'>in</span> <span class='ocrx_word' id='word_1_5' title='bbox 154 259 250 279; x_wconf 81' lang='lat' dir='ltr'>occursum</span> <span class='ocrx_word' id='word_1_6' title='bbox 264 259 373 284; x_wconf 86' lang='lat' dir='ltr'>prodeunte.</span> <span class='ocrx_word' id='word_1_7' title='bbox 402 258 466 279; x_wconf 77' lang='lat' dir='ltr'>Suauis</span> <span class='ocrx_word' id='word_1_8' title='bbox 476 260 539 285; x_wconf 86' lang='lat' dir='ltr'>vtique</span> <span class='ocrx_word' id='word_1_9' title='bbox 548 264 622 280; x_wconf 81' lang='lat' dir='ltr'>narratu</span> <span class='ocrx_word' id='word_1_10' title='bbox 629 261 657 282; x_wconf 77' lang='lat' dir='ltr'>fa-</span> 
     </span>
     <span class='ocr_line' id='line_1_4' title="bbox 121 287 656 309; baseline 0.002 -1"><span class='ocrx_word' id='word_1_11' title='bbox 121 288 171 308; x_wconf 86' lang='lat' dir='ltr'>bula.</span> <span class='ocrx_word' id='word_1_12' title='bbox 204 288 240 308; x_wconf 89' lang='lat' dir='ltr'>Sed</span> <span class='ocrx_word' id='word_1_13' title='bbox 252 288 321 307; x_wconf 81' lang='lat' dir='ltr'>ferebat</span> <span class='ocrx_word' id='word_1_14' title='bbox 333 288 404 307; x_wconf 76' lang='lat' dir='ltr'>animus</span> <span class='ocrx_word' id='word_1_15' title='bbox 416 287 439 306; x_wconf 81' lang='lat' dir='ltr'>ad</span> <span class='ocrx_word' id='word_1_16' title='bbox 448 288 522 308; x_wconf 79' lang='lat' dir='ltr'>alteram</span> <span class='ocrx_word' id='word_1_17' title='bbox 530 290 656 309; x_wconf 78' lang='lat' dir='ltr'>narrationem</span> 
     </span>
     <span class='ocr_line' id='line_1_5' title="bbox 121 315 656 341; baseline 0 -5"><span class='ocrx_word' id='word_1_18' title='bbox 121 317 146 336; x_wconf 90' lang='lat' dir='ltr'>de</span> <span class='ocrx_word' id='word_1_19' title='bbox 156 316 220 336; x_wconf 81' lang='lat' dir='ltr'>Leone</span> <span class='ocrx_word' id='word_1_20' title='bbox 232 316 259 336; x_wconf 86' lang='lat' dir='ltr'>M.</span> <span class='ocrx_word' id='word_1_21' title='bbox 270 317 297 335; x_wconf 75' lang='lat' dir='ltr'>bis</span> <span class='ocrx_word' id='word_1_22' title='bbox 310 316 402 341; x_wconf 82' lang='lat' dir='ltr'>legatione</span> <span class='ocrx_word' id='word_1_23' title='bbox 414 315 485 338; x_wconf 71' lang='lat' dir='ltr'>funsso,</span> <span class='ocrx_word' id='word_1_24' title='bbox 507 317 561 336; x_wconf 77' lang='lat' dir='ltr'>altera</span> <span class='ocrx_word' id='word_1_25' title='bbox 573 317 595 336; x_wconf 85' lang='lat' dir='ltr'>ad</span> <span class='ocrx_word' id='word_1_26' title='bbox 607 317 656 337; x_wconf 80' lang='lat' dir='ltr'>Atti-</span> 
     </span>
     <span class='ocr_line' id='line_1_6' title="bbox 122 343 655 370; baseline 0.002 -6"><span class='ocrx_word' id='word_1_27' title='bbox 122 345 171 368; x_wconf 81' lang='lat' dir='ltr'>lam,</span> <span class='ocrx_word' id='word_1_28' title='bbox 197 345 253 364; x_wconf 79' lang='lat' dir='ltr'>altera</span> <span class='ocrx_word' id='word_1_29' title='bbox 267 344 290 364; x_wconf 90' lang='lat' dir='ltr'>ad</span> <span class='ocrx_word' id='word_1_30' title='bbox 306 344 425 364; x_wconf 83' lang='lat' dir='ltr'>Gensericum</span> <span class='ocrx_word' id='word_1_31' title='bbox 439 343 567 365; x_wconf 76' lang='lat' dir='ltr'>vandalorum</span> <span class='ocrx_word' id='word_1_32' title='bbox 580 351 655 370; x_wconf 85' lang='lat' dir='ltr'>regem:</span> 
     </span>
     <span class='ocr_line' id='line_1_7' title="bbox 121 372 657 399; baseline 0 -6"><span class='ocrx_word' id='word_1_33' title='bbox 121 379 201 399; x_wconf 81' lang='lat' dir='ltr'>quarum</span> <span class='ocrx_word' id='word_1_34' title='bbox 213 377 274 393; x_wconf 77' lang='lat' dir='ltr'>tamen</span> <span class='ocrx_word' id='word_1_35' title='bbox 288 374 338 398; x_wconf 77' lang='lat' dir='ltr'>prior</span> <span class='ocrx_word' id='word_1_36' title='bbox 353 372 385 392; x_wconf 80' lang='lat' dir='ltr'>illa</span> <span class='ocrx_word' id='word_1_37' title='bbox 396 372 454 397; x_wconf 82' lang='lat' dir='ltr'>longe</span> <span class='ocrx_word' id='word_1_38' title='bbox 463 375 551 393; x_wconf 81' lang='lat' dir='ltr'>maiorem</span> <span class='ocrx_word' id='word_1_39' title='bbox 559 374 657 393; x_wconf 81' lang='lat' dir='ltr'>celebrita-</span> 
     </span>
     <span class='ocr_line' id='line_1_8' title="bbox 121 400 657 427; baseline 0.002 -6"><span class='ocrx_word' id='word_1_40' title='bbox 121 406 159 422; x_wconf 76' lang='lat' dir='ltr'>tem</span> <span class='ocrx_word' id='word_1_41' title='bbox 170 401 262 427; x_wconf 71' lang='lat' dir='ltr'>affequum</span> <span class='ocrx_word' id='word_1_42' title='bbox 275 402 300 421; x_wconf 87' lang='lat' dir='ltr'>est</span> <span class='ocrx_word' id='word_1_43' title='bbox 312 401 380 426; x_wconf 64' lang='lat' dir='ltr'>pictura</span> <span class='ocrx_word' id='word_1_44' title='bbox 392 400 489 426; x_wconf 84' lang='lat' dir='ltr'>Raphaelis</span> <span class='ocrx_word' id='word_1_45' title='bbox 495 401 589 421; x_wconf 81' lang='lat' dir='ltr'>Vrbinatis</span> <span class='ocrx_word' id='word_1_46' title='bbox 600 403 657 422; x_wconf 81' lang='lat' dir='ltr'>nobi-</span> 
     </span>
     <span class='ocr_line' id='line_1_9' title="bbox 122 429 656 455; baseline 0 -5"><span class='ocrx_word' id='word_1_47' title='bbox 122 430 190 450; x_wconf 77' lang='lat' dir='ltr'>limma.</span> <span class='ocrx_word' id='word_1_48' title='bbox 223 430 276 449; x_wconf 78' lang='lat' dir='ltr'>Adeo</span> <span class='ocrx_word' id='word_1_49' title='bbox 288 435 351 449; x_wconf 88' lang='lat' dir='ltr'>verum</span> <span class='ocrx_word' id='word_1_50' title='bbox 363 429 398 452; x_wconf 81' lang='lat' dir='ltr'>est,</span> <span class='ocrx_word' id='word_1_51' title='bbox 414 430 466 454; x_wconf 85' lang='lat' dir='ltr'>quod</span> <span class='ocrx_word' id='word_1_52' title='bbox 475 431 495 449; x_wconf 87' lang='lat' dir='ltr'>in</span> <span class='ocrx_word' id='word_1_53' title='bbox 504 430 656 455; x_wconf 78' lang='lat' dir='ltr'>historiislegen-</span> 
     </span>
     <span class='ocr_line' id='line_1_10' title="bbox 121 458 655 485; baseline -0.002 -7"><span class='ocrx_word' id='word_1_54' title='bbox 121 458 150 478; x_wconf 85' lang='lat' dir='ltr'>dis</span> <span class='ocrx_word' id='word_1_55' title='bbox 161 458 213 484; x_wconf 80' lang='lat' dir='ltr'>saepe</span> <span class='ocrx_word' id='word_1_56' title='bbox 223 459 243 477; x_wconf 88' lang='lat' dir='ltr'>in</span> <span class='ocrx_word' id='word_1_57' title='bbox 251 459 333 478; x_wconf 83' lang='lat' dir='ltr'>animum</span> <span class='ocrx_word' id='word_1_58' title='bbox 343 458 404 480; x_wconf 85' lang='lat' dir='ltr'>venit,</span> <span class='ocrx_word' id='word_1_59' title='bbox 417 458 496 478; x_wconf 80' lang='lat' dir='ltr'>aliorum</span> <span class='ocrx_word' id='word_1_60' title='bbox 504 459 614 485; x_wconf 83' lang='lat' dir='ltr'>plerumque</span> <span class='ocrx_word' id='word_1_61' title='bbox 624 460 655 478; x_wconf 88' lang='lat' dir='ltr'>in-</span> 
     </span>
     <span class='ocr_line' id='line_1_11' title="bbox 120 486 655 512; baseline 0 -6"><span class='ocrx_word' id='word_1_62' title='bbox 120 488 180 512; x_wconf 80' lang='lat' dir='ltr'>geniis</span> <span class='ocrx_word' id='word_1_63' title='bbox 193 487 255 512; x_wconf 74' lang='lat' dir='ltr'>potius</span> <span class='ocrx_word' id='word_1_64' title='bbox 270 492 325 512; x_wconf 83' lang='lat' dir='ltr'>quam</span> <span class='ocrx_word' id='word_1_65' title='bbox 337 486 422 511; x_wconf 85' lang='lat' dir='ltr'>propriae</span> <span class='ocrx_word' id='word_1_66' title='bbox 435 487 498 506; x_wconf 85' lang='lat' dir='ltr'>virtuti</span> <span class='ocrx_word' id='word_1_67' title='bbox 513 487 579 506; x_wconf 78' lang='lat' dir='ltr'>samam</span> <span class='ocrx_word' id='word_1_68' title='bbox 591 487 655 512; x_wconf 82' lang='lat' dir='ltr'>plero-</span> 
     </span>
     <span class='ocr_line' id='line_1_12' title="bbox 120 515 654 540; baseline 0.002 -5"><span class='ocrx_word' id='word_1_69' title='bbox 120 521 200 540; x_wconf 78' lang='lat' dir='ltr'>rumque</span> <span class='ocrx_word' id='word_1_70' title='bbox 211 515 234 534; x_wconf 81' lang='lat' dir='ltr'>ad</span> <span class='ocrx_word' id='word_1_71' title='bbox 246 516 369 540; x_wconf 79' lang='lat' dir='ltr'>posteritatem</span> <span class='ocrx_word' id='word_1_72' title='bbox 377 515 450 538; x_wconf 87' lang='lat' dir='ltr'>deberi;</span> <span class='ocrx_word' id='word_1_73' title='bbox 465 515 531 534; x_wconf 80' lang='lat' dir='ltr'>multas</span> <span class='ocrx_word' id='word_1_74' title='bbox 539 522 614 540; x_wconf 75' lang='lat' dir='ltr'>magnas</span> <span class='ocrx_word' id='word_1_75' title='bbox 624 522 654 536; x_wconf 76' lang='lat' dir='ltr'>res</span> 
     </span>
     <span class='ocr_line' id='line_1_13' title="bbox 120 543 654 569; baseline 0 -5"><span class='ocrx_word' id='word_1_76' title='bbox 120 544 169 569; x_wconf 82' lang='lat' dir='ltr'>geri,</span> <span class='ocrx_word' id='word_1_77' title='bbox 182 549 248 569; x_wconf 64' lang='lat' dir='ltr'>panas</span> <span class='ocrx_word' id='word_1_78' title='bbox 255 543 296 562; x_wconf 77' lang='lat' dir='ltr'>satis</span> <span class='ocrx_word' id='word_1_79' title='bbox 303 543 369 563; x_wconf 79' lang='lat' dir='ltr'>claras:</span> <span class='ocrx_word' id='word_1_80' title='bbox 381 543 449 562; x_wconf 85' lang='lat' dir='ltr'>scilicet</span> <span class='ocrx_word' id='word_1_81' title='bbox 456 543 489 563; x_wconf 87' lang='lat' dir='ltr'>nifi</span> <span class='ocrx_word' id='word_1_82' title='bbox 497 550 518 563; x_wconf 81' lang='lat' dir='ltr'>ea</span> <span class='ocrx_word' id='word_1_83' title='bbox 525 544 599 563; x_wconf 88' lang='lat' dir='ltr'>fortuna</span> <span class='ocrx_word' id='word_1_84' title='bbox 607 550 654 564; x_wconf 85' lang='lat' dir='ltr'>con-</span> 
     </span>
     <span class='ocr_line' id='line_1_14' title="bbox 120 571 654 597; baseline 0.002 -6"><span class='ocrx_word' id='word_1_85' title='bbox 120 573 192 597; x_wconf 86' lang='lat' dir='ltr'>tigerit,</span> <span class='ocrx_word' id='word_1_86' title='bbox 207 575 227 591; x_wconf 84' lang='lat' dir='ltr'>vt</span> <span class='ocrx_word' id='word_1_87' title='bbox 234 572 372 597; x_wconf 84' lang='lat' dir='ltr'>ingeniosorum</span> <span class='ocrx_word' id='word_1_88' title='bbox 380 571 476 591; x_wconf 84' lang='lat' dir='ltr'>hominurn</span> <span class='ocrx_word' id='word_1_89' title='bbox 486 578 541 597; x_wconf 85' lang='lat' dir='ltr'>opera</span> <span class='ocrx_word' id='word_1_90' title='bbox 549 572 591 591; x_wconf 81' lang='lat' dir='ltr'>illae</span> <span class='ocrx_word' id='word_1_91' title='bbox 598 573 654 592; x_wconf 85' lang='lat' dir='ltr'>nobi-</span> 
     </span>
     <span class='ocr_line' id='line_1_15' title="bbox 120 599 654 626; baseline 0 -6"><span class='ocrx_word' id='word_1_92' title='bbox 120 601 197 620; x_wconf 82' lang='lat' dir='ltr'>litentur</span> <span class='ocrx_word' id='word_1_93' title='bbox 203 599 236 626; x_wconf 79' lang='lat'>*).</span> <span class='ocrx_word' id='word_1_94' title='bbox 265 600 355 620; x_wconf 63' lang='lat' dir='ltr'>Pisturam</span> <span class='ocrx_word' id='word_1_95' title='bbox 363 600 411 619; x_wconf 76' lang='lat' dir='ltr'>hanc</span> <span class='ocrx_word' id='word_1_96' title='bbox 419 600 447 619; x_wconf 79' lang='lat' dir='ltr'>his</span> <span class='ocrx_word' id='word_1_97' title='bbox 455 600 497 625; x_wconf 77' lang='lat' dir='ltr'>ipsis</span> <span class='ocrx_word' id='word_1_98' title='bbox 506 600 570 620; x_wconf 76' lang='lat' dir='ltr'>diebus</span> <span class='ocrx_word' id='word_1_99' title='bbox 579 601 654 620; x_wconf 83' lang='lat' dir='ltr'>chalco-</span> 
     </span>
     <span class='ocr_line' id='line_1_16' title="bbox 120 628 653 654; baseline 0.002 -6"><span class='ocrx_word' id='word_1_100' title='bbox 120 629 209 654; x_wconf 81' lang='lat' dir='ltr'>graphioo</span> <span class='ocrx_word' id='word_1_101' title='bbox 224 634 289 654; x_wconf 85' lang='lat' dir='ltr'>opere,</span> <span class='ocrx_word' id='word_1_102' title='bbox 305 628 399 648; x_wconf 80' lang='lat' dir='ltr'>coloribus</span> <span class='ocrx_word' id='word_1_103' title='bbox 414 628 449 647; x_wconf 82' lang='lat' dir='ltr'>suis</span> <span class='ocrx_word' id='word_1_104' title='bbox 466 629 489 648; x_wconf 84' lang='lat' dir='ltr'>ad</span> <span class='ocrx_word' id='word_1_105' title='bbox 504 629 577 648; x_wconf 79' lang='lat' dir='ltr'>tabulae</span> <span class='ocrx_word' id='word_1_106' title='bbox 593 629 653 654; x_wconf 60' lang='lat' dir='ltr'>pistae</span> 
     </span>
     <span class='ocr_line' id='line_1_17' title="bbox 120 656 653 683; baseline 0 -6"><span class='ocrx_word' id='word_1_107' title='bbox 120 657 256 678; x_wconf 78' lang='lat' dir='ltr'>similitudinem</span> <span class='ocrx_word' id='word_1_108' title='bbox 264 657 307 676; x_wconf 87' lang='lat' dir='ltr'>scite</span> <span class='ocrx_word' id='word_1_109' title='bbox 315 657 414 679; x_wconf 77' lang='lat' dir='ltr'>elaboratu,</span> <span class='ocrx_word' id='word_1_110' title='bbox 420 656 509 676; x_wconf 83' lang='lat' dir='ltr'>vidimus:</span> <span class='ocrx_word' id='word_1_111' title='bbox 524 663 562 683; x_wconf 89' lang='lat' dir='ltr'>quo</span> <span class='ocrx_word' id='word_1_112' title='bbox 567 658 605 683; x_wconf 83' lang='lat' dir='ltr'>ipso</span> <span class='ocrx_word' id='word_1_113' title='bbox 613 658 653 677; x_wconf 84' lang='lat' dir='ltr'>ani-</span> 
     </span>
     <span class='ocr_line' id='line_1_18' title="bbox 119 685 652 710; baseline 0.002 -6"><span class='ocrx_word' id='word_1_114' title='bbox 119 692 161 705; x_wconf 80' lang='lat' dir='ltr'>mus</span> <span class='ocrx_word' id='word_1_115' title='bbox 177 686 200 705; x_wconf 90' lang='lat' dir='ltr'>ad</span> <span class='ocrx_word' id='word_1_116' title='bbox 215 685 292 705; x_wconf 81' lang='lat' dir='ltr'>alterum</span> <span class='ocrx_word' id='word_1_117' title='bbox 307 685 344 704; x_wconf 84' lang='lat' dir='ltr'>hoc</span> <span class='ocrx_word' id='word_1_118' title='bbox 360 689 490 710; x_wconf 79' lang='lat' dir='ltr'>argumentum</span> <span class='ocrx_word' id='word_1_119' title='bbox 506 686 604 705; x_wconf 81' lang='lat' dir='ltr'>inclinatus</span> <span class='ocrx_word' id='word_1_120' title='bbox 617 686 652 707; x_wconf 77' lang='lat' dir='ltr'>est.</span> 
     </span>
     <span class='ocr_line' id='line_1_19' title="bbox 120 713 651 738; baseline 0.002 -5"><span class='ocrx_word' id='word_1_121' title='bbox 120 713 191 733; x_wconf 88' lang='lat' dir='ltr'>Verum</span> <span class='ocrx_word' id='word_1_122' title='bbox 201 713 270 733; x_wconf 81' lang='lat' dir='ltr'>Leonis</span> <span class='ocrx_word' id='word_1_123' title='bbox 283 714 352 738; x_wconf 77' lang='lat' dir='ltr'>legatio</span> <span class='ocrx_word' id='word_1_124' title='bbox 364 713 419 733; x_wconf 79' lang='lat' dir='ltr'>altera</span> <span class='ocrx_word' id='word_1_125' title='bbox 431 714 453 733; x_wconf 81' lang='lat' dir='ltr'>ad</span> <span class='ocrx_word' id='word_1_126' title='bbox 462 713 581 733; x_wconf 83' lang='lat' dir='ltr'>Gensericum</span> <span class='ocrx_word' id='word_1_127' title='bbox 589 714 602 735; x_wconf 83' lang='lat' dir='ltr'>fi</span> <span class='ocrx_word' id='word_1_128' title='bbox 610 721 651 734; x_wconf 85' lang='lat' dir='ltr'>non</span> 
     </span>
     <span class='ocr_line' id='line_1_20' title="bbox 119 742 652 768; baseline 0.002 -7"><span class='ocrx_word' id='word_1_129' title='bbox 119 743 199 765; x_wconf 79' lang='lat' dir='ltr'>maiore,</span> <span class='ocrx_word' id='word_1_130' title='bbox 211 742 273 762; x_wconf 88' lang='lat' dir='ltr'>saltem</span> <span class='ocrx_word' id='word_1_131' title='bbox 282 748 321 761; x_wconf 88' lang='lat' dir='ltr'>non</span> <span class='ocrx_word' id='word_1_132' title='bbox 329 742 401 761; x_wconf 86' lang='lat' dir='ltr'>minore</span> <span class='ocrx_word' id='word_1_133' title='bbox 408 742 528 762; x_wconf 75' lang='lat' dir='ltr'>admiratione</span> <span class='ocrx_word' id='word_1_134' title='bbox 537 748 592 767; x_wconf 79' lang='lat' dir='ltr'>quam</span> <span class='ocrx_word' id='word_1_135' title='bbox 600 744 652 768; x_wconf 86' lang='lat' dir='ltr'>prior</span> 
     </span>
     <span class='ocr_line' id='line_1_21' title="bbox 119 770 652 798; baseline 0 -8"><span class='ocrx_word' id='word_1_136' title='bbox 119 771 175 796; x_wconf 86' lang='lat' dir='ltr'>digna</span> <span class='ocrx_word' id='word_1_137' title='bbox 189 774 236 794; x_wconf 76' lang='lat' dir='ltr'>erat;</span> <span class='ocrx_word' id='word_1_138' title='bbox 254 770 298 790; x_wconf 72' lang='lat' dir='ltr'>faeta</span> <span class='ocrx_word' id='word_1_139' title='bbox 309 773 328 790; x_wconf 89' lang='lat' dir='ltr'>et</span> <span class='ocrx_word' id='word_1_140' title='bbox 335 770 366 789; x_wconf 84' lang='lat' dir='ltr'>illa</span> <span class='ocrx_word' id='word_1_141' title='bbox 374 770 397 789; x_wconf 89' lang='lat' dir='ltr'>ad</span> <span class='ocrx_word' id='word_1_142' title='bbox 405 776 467 795; x_wconf 85' lang='lat' dir='ltr'>regem</span> <span class='ocrx_word' id='word_1_143' title='bbox 477 770 562 790; x_wconf 68' lang='lat' dir='ltr'>victorem</span> <span class='ocrx_word' id='word_1_144' title='bbox 570 777 652 798; x_wconf 86' lang='lat' dir='ltr'>eumque</span> 
     </span>
     <span class='ocr_line' id='line_1_22' title="bbox 119 799 653 824; baseline 0.002 -6"><span class='ocrx_word' id='word_1_145' title='bbox 119 799 226 822; x_wconf 83' lang='lat' dir='ltr'>barbatum,</span> <span class='ocrx_word' id='word_1_146' title='bbox 245 802 266 818; x_wconf 87' lang='lat' dir='ltr'>vt</span> <span class='ocrx_word' id='word_1_147' title='bbox 272 799 315 818; x_wconf 84' lang='lat' dir='ltr'>vrbs</span> <span class='ocrx_word' id='word_1_148' title='bbox 327 799 496 824; x_wconf 78' lang='lat' dir='ltr'>propugnatoribus</span> <span class='ocrx_word' id='word_1_149' title='bbox 505 805 560 818; x_wconf 85' lang='lat' dir='ltr'>vacua</span> <span class='ocrx_word' id='word_1_150' title='bbox 569 800 586 818; x_wconf 89' lang='lat' dir='ltr'>ei</span> <span class='ocrx_word' id='word_1_151' title='bbox 595 800 653 819; x_wconf 84' lang='lat' dir='ltr'>dede-</span> 
     </span>
     <span class='ocr_line' id='line_1_23' title="bbox 118 827 650 853; baseline 0 -7"><span class='ocrx_word' id='word_1_152' title='bbox 118 831 174 848; x_wconf 85' lang='lat' dir='ltr'>retur.</span> <span class='ocrx_word' id='word_1_153' title='bbox 208 827 285 851; x_wconf 82' lang='lat' dir='ltr'>Quanto</span> <span class='ocrx_word' id='word_1_154' title='bbox 297 827 363 846; x_wconf 87' lang='lat' dir='ltr'>melior</span> <span class='ocrx_word' id='word_1_155' title='bbox 373 828 393 846; x_wconf 88' lang='lat' dir='ltr'>in</span> <span class='ocrx_word' id='word_1_156' title='bbox 406 827 444 846; x_wconf 86' lang='lat' dir='ltr'>hoc</span> <span class='ocrx_word' id='word_1_157' title='bbox 452 827 526 847; x_wconf 81' lang='lat' dir='ltr'>fortuna</span> <span class='ocrx_word' id='word_1_158' title='bbox 533 827 560 847; x_wconf 89' lang='lat' dir='ltr'>Pii</span> <span class='ocrx_word' id='word_1_159' title='bbox 569 827 601 847; x_wconf 89' lang='lat' dir='ltr'>Vl.</span> <span class='ocrx_word' id='word_1_160' title='bbox 610 829 650 853; x_wconf 75' lang='lat' dir='ltr'>qni,</span> 
     </span>
     <span class='ocr_line' id='line_1_24' title="bbox 118 855 651 882; baseline 0 -7"><span class='ocrx_word' id='word_1_161' title='bbox 118 862 158 875; x_wconf 86' lang='lat' dir='ltr'>non</span> <span class='ocrx_word' id='word_1_162' title='bbox 174 859 251 881; x_wconf 78' lang='lat' dir='ltr'>vrgente</span> <span class='ocrx_word' id='word_1_163' title='bbox 265 855 377 878; x_wconf 74' lang='lat' dir='ltr'>necestitate,</span> <span class='ocrx_word' id='word_1_164' title='bbox 404 855 434 875; x_wconf 83' lang='lat' dir='ltr'>sed</span> <span class='ocrx_word' id='word_1_165' title='bbox 453 855 529 875; x_wconf 74' lang='lat' dir='ltr'>consilio</span> <span class='ocrx_word' id='word_1_166' title='bbox 544 862 565 876; x_wconf 80' lang='lat' dir='ltr'>ac</span> <span class='ocrx_word' id='word_1_167' title='bbox 579 856 651 882; x_wconf 86' lang='lat' dir='ltr'>sponte,</span> 
     </span>
     <span class='ocr_line' id='line_1_25' title="bbox 118 883 650 909; baseline 0 -6"><span class='ocrx_word' id='word_1_168' title='bbox 118 885 162 904; x_wconf 79' lang='lat' dir='ltr'>adiit</span> <span class='ocrx_word' id='word_1_169' title='bbox 183 884 317 909; x_wconf 80' lang='lat' dir='ltr'>Imperatorem</span> <span class='ocrx_word' id='word_1_170' title='bbox 333 884 386 903; x_wconf 87' lang='lat' dir='ltr'>omni</span> <span class='ocrx_word' id='word_1_171' title='bbox 396 883 514 903; x_wconf 79' lang='lat' dir='ltr'>humanitatis</span> <span class='ocrx_word' id='word_1_172' title='bbox 529 888 547 903; x_wconf 85' lang='lat' dir='ltr'>et</span> <span class='ocrx_word' id='word_1_173' title='bbox 559 885 650 904; x_wconf 81' lang='lat' dir='ltr'>facilitatis</span> 
     </span>
     <span class='ocr_line' id='line_1_26' title="bbox 117 912 652 937; baseline 0.002 -5"><span class='ocrx_word' id='word_1_174' title='bbox 117 913 172 932; x_wconf 85' lang='lat' dir='ltr'>laude</span> <span class='ocrx_word' id='word_1_175' title='bbox 179 913 300 935; x_wconf 79' lang='lat' dir='ltr'>celebratum,</span> <span class='ocrx_word' id='word_1_176' title='bbox 313 917 373 937; x_wconf 81' lang='lat' dir='ltr'>aequo</span> <span class='ocrx_word' id='word_1_177' title='bbox 380 912 419 931; x_wconf 88' lang='lat' dir='ltr'>iure</span> <span class='ocrx_word' id='word_1_178' title='bbox 427 918 448 932; x_wconf 86' lang='lat' dir='ltr'>ac</span> <span class='ocrx_word' id='word_1_179' title='bbox 455 912 498 931; x_wconf 87' lang='lat' dir='ltr'>loco</span> <span class='ocrx_word' id='word_1_180' title='bbox 506 912 529 932; x_wconf 85' lang='lat' dir='ltr'>de</span> <span class='ocrx_word' id='word_1_181' title='bbox 536 913 591 932; x_wconf 81' lang='lat' dir='ltr'>rebus</span> <span class='ocrx_word' id='word_1_182' title='bbox 599 919 652 933; x_wconf 82' lang='lat' dir='ltr'>com-</span> 
     </span>
     <span class='ocr_line' id='line_1_27' title="bbox 118 939 652 966; baseline 0 -5"><span class='ocrx_word' id='word_1_183' title='bbox 118 941 205 961; x_wconf 83' lang='lat' dir='ltr'>munibus</span> <span class='ocrx_word' id='word_1_184' title='bbox 220 942 268 965; x_wconf 81' lang='lat' dir='ltr'>egit,</span> <span class='ocrx_word' id='word_1_185' title='bbox 294 944 313 960; x_wconf 90' lang='lat' dir='ltr'>et</span> <span class='ocrx_word' id='word_1_186' title='bbox 325 939 419 960; x_wconf 74' lang='lat' dir='ltr'>laudffime</span> <span class='ocrx_word' id='word_1_187' title='bbox 433 944 521 965; x_wconf 82' lang='lat' dir='ltr'>exceptus</span> <span class='ocrx_word' id='word_1_188' title='bbox 535 941 652 966; x_wconf 75' lang='lat' dir='ltr'>mirificeque</span> 
     </span>
     <span class='ocr_line' id='line_1_28' title="bbox 117 968 651 994; baseline 0 -5"><span class='ocrx_word' id='word_1_189' title='bbox 117 972 208 989; x_wconf 82' lang='lat' dir='ltr'>recreatus</span> <span class='ocrx_word' id='word_1_190' title='bbox 220 969 243 988; x_wconf 86' lang='lat' dir='ltr'>ad</span> <span class='ocrx_word' id='word_1_191' title='bbox 255 969 296 988; x_wconf 80' lang='lat' dir='ltr'>suos</span> <span class='ocrx_word' id='word_1_192' title='bbox 306 968 366 988; x_wconf 85' lang='lat' dir='ltr'>rediit.</span> <span class='ocrx_word' id='word_1_193' title='bbox 398 968 468 989; x_wconf 88' lang='lat' dir='ltr'>Rerum</span> <span class='ocrx_word' id='word_1_194' title='bbox 477 969 529 988; x_wconf 83' lang='lat' dir='ltr'>cursu</span> <span class='ocrx_word' id='word_1_195' title='bbox 537 969 651 994; x_wconf 78' lang='lat' dir='ltr'>prooedente</span> 
     </span>
     <span class='ocr_line' id='line_1_29' title="bbox 117 997 650 1024; baseline 0.002 -7"><span class='ocrx_word' id='word_1_196' title='bbox 117 1002 187 1017; x_wconf 85' lang='lat' dir='ltr'>mature</span> <span class='ocrx_word' id='word_1_197' title='bbox 201 997 324 1022; x_wconf 87' lang='lat' dir='ltr'>intelligetur,</span> <span class='ocrx_word' id='word_1_198' title='bbox 343 1002 391 1022; x_wconf 79' lang='lat' dir='ltr'>quae</span> <span class='ocrx_word' id='word_1_199' title='bbox 399 997 467 1017; x_wconf 78' lang='lat' dir='ltr'>cauffae</span> <span class='ocrx_word' id='word_1_200' title='bbox 476 998 515 1017; x_wconf 80' lang='lat' dir='ltr'>satis</span> <span class='ocrx_word' id='word_1_201' title='bbox 525 1003 599 1022; x_wconf 76' lang='lat' dir='ltr'>graues,</span> <span class='ocrx_word' id='word_1_202' title='bbox 615 999 650 1024; x_wconf 84' lang='lat' dir='ltr'>qui</span> 
     </span>
     <span class='ocr_line' id='line_1_30' title="bbox 117 1025 648 1051; baseline 0.002 -6"><span class='ocrx_word' id='word_1_203' title='bbox 117 1026 185 1046; x_wconf 56' lang='lat' dir='ltr'>fruetus</span> <span class='ocrx_word' id='word_1_204' title='bbox 193 1026 233 1045; x_wconf 81' lang='lat' dir='ltr'>satis</span> <span class='ocrx_word' id='word_1_205' title='bbox 242 1025 376 1048; x_wconf 78' lang='lat' dir='ltr'>memorabiles,</span> <span class='ocrx_word' id='word_1_206' title='bbox 381 1025 437 1045; x_wconf 82' lang='lat' dir='ltr'>huius</span> <span class='ocrx_word' id='word_1_207' title='bbox 447 1026 566 1051; x_wconf 74' lang='lat' dir='ltr'>profefflonis</span> <span class='ocrx_word' id='word_1_208' title='bbox 574 1027 648 1047; x_wconf 74' lang='lat' dir='ltr'>fuerint.</span> 
     </span>
     <span class='ocr_line' id='line_1_31' title="bbox 117 1053 560 1079; baseline -0.002 -5"><span class='ocrx_word' id='word_1_209' title='bbox 117 1054 188 1075; x_wconf 86' lang='lat' dir='ltr'>Verum</span> <span class='ocrx_word' id='word_1_210' title='bbox 196 1054 219 1074; x_wconf 88' lang='lat' dir='ltr'>ad</span> <span class='ocrx_word' id='word_1_211' title='bbox 228 1053 311 1076; x_wconf 87' lang='lat' dir='ltr'>Leonem</span> <span class='ocrx_word' id='word_1_212' title='bbox 322 1054 407 1073; x_wconf 57' lang='lat' dir='ltr'>Samum</span> <span class='ocrx_word' id='word_1_213' title='bbox 416 1054 560 1079; x_wconf 78' lang='lat' dir='ltr'>progrediamur.</span> 
     </span>
    </p>
   </div>
   <div class='ocr_carea' id='block_1_4' title="bbox 601 1097 649 1117">
    <p class='ocr_par' dir='ltr' id='par_1_4' title="bbox 601 1097 649 1117">
     <span class='ocr_line' id='line_1_32' title="bbox 601 1097 649 1117; baseline 0.021 -1"><span class='ocrx_word' id='word_1_214' title='bbox 601 1097 649 1117; x_wconf 78' lang='lat' dir='ltr'>Sane</span> 
     </span>
    </p>
   </div>
   <div class='ocr_carea' id='block_1_5' title="bbox 147 1150 649 1193">
    <p class='ocr_par' dir='ltr' id='par_1_5' title="bbox 147 1150 649 1193">
     <span class='ocr_line' id='line_1_33' title="bbox 147 1150 649 1179; baseline 0.002 -12"><span class='ocrx_word' id='word_1_215' title='bbox 147 1151 168 1172; x_wconf 53' lang='lat' dir='ltr'>t&gt;</span> <span class='ocrx_word' id='word_1_216' title='bbox 177 1150 219 1167; x_wconf 81' lang='lat' dir='ltr'>Hine</span> <span class='ocrx_word' id='word_1_217' title='bbox 229 1150 277 1168; x_wconf 67' lang='lat' dir='ltr'>tund:</span> <span class='ocrx_word' id='word_1_218' title='bbox 294 1151 308 1167; x_wconf 88' lang='lat'><strong><em>0</em></strong></span> <span class='ocrx_word' id='word_1_219' title='bbox 317 1150 398 1176; x_wconf 54' lang='lat' dir='ltr'>fortunate</span> <span class='ocrx_word' id='word_1_220' title='bbox 408 1150 498 1179; x_wconf 72' lang='lat' dir='ltr'>adolescens,</span> <span class='ocrx_word' id='word_1_221' title='bbox 510 1151 536 1172; x_wconf 71' lang='lat' dir='ltr'>qux*</span> <span class='ocrx_word' id='word_1_222' title='bbox 545 1153 579 1168; x_wconf 61' lang='lat' dir='ltr'>tune</span> <span class='ocrx_word' id='word_1_223' title='bbox 586 1152 649 1169; x_wconf 74' lang='lat' dir='ltr'>virtuli-t</span> 
     </span>
     <span class='ocr_line' id='line_1_34' title="bbox 170 1171 442 1193; baseline 0 -5"><span class='ocrx_word' id='word_1_224' title='bbox 170 1176 257 1193; x_wconf 68' lang='lat' dir='ltr'>praet-mmor</span> <span class='ocrx_word' id='word_1_225' title='bbox 266 1171 364 1188; x_wconf 60' lang='lat' dir='ltr'>Humerum</span> <span class='ocrx_word' id='word_1_226' title='bbox 358 1171 442 1188; x_wconf 71' lang='lat' dir='ltr'>inueneris-¹</span> 
     </span>
    </p>
   </div>
   <div class='ocr_carea' id='block_1_6' title="bbox 679 38 680 150">
    <p class='ocr_par' dir='ltr' id='par_1_6' title="bbox 679 38 680 150">
     <span class='ocr_line' id='line_1_35' title="bbox 679 38 680 150; baseline 0 1181"><span class='ocrx_word' id='word_1_227' title='bbox 679 38 680 150; x_wconf 95' lang='lat' dir='ltr'> </span> 
     </span>
    </p>
   </div>
   <div class='ocr_carea' id='block_1_7' title="bbox 676 416 679 447">
    <p class='ocr_par' dir='ltr' id='par_1_7' title="bbox 676 416 679 447">
     <span class='ocr_line' id='line_1_36' title="bbox 676 416 679 447; baseline 0 0"><span class='ocrx_word' id='word_1_228' title='bbox 676 416 679 447; x_wconf 79' lang='grc' dir='ltr'>Ι</span> 
     </span>
    </p>
   </div>
   <div class='ocr_carea' id='block_1_8' title="bbox 677 449 679 459">
    <p class='ocr_par' dir='ltr' id='par_1_8' title="bbox 677 449 679 459">
     <span class='ocr_line' id='line_1_37' title="bbox 677 449 679 459; baseline 0 0"><span class='ocrx_word' id='word_1_229' title='bbox 677 449 679 459; x_wconf 68' lang='lat' dir='ltr'><em>A</em></span> 
     </span>
    </p>
   </div>
  </div>
 </body>
</html>
