2580 4996
150 622 230 702 160

143 814 306 902 ciseitur:
344 815 393 893 ita
416 837 486 897 nec
506 814 714 902 litterarum
734 815 961 897 incrementa
971 818 1191 896 ‹virtutuout
1218 838 1233 870 '⁴

143 928 370 1015 firmamenta
396 929 470 1007 vlla
496 927 566 1008 eise
587 926 735 1030 poliunt
755 929 835 1009 satis
857 955 1013 1030 magna,
1044 931 1192 1009 vbideii
1226 961 1247 987 r

145 1044 231 1131 ciis.
274 1046 374 1135 otio,
407 1042 560 1134 desidia,
604 1042 805 1142 languore,
836 1044 1019 1134 mollitie,
1047 1049 1253 1127 animun

143 1157 360 1251 infecimus3
397 1157 490 1234 salue
506 1159 630 1258 itaque
648 1171 685 1233 et
701 1157 914 1258 prosperitas
931 1156 1193 1238 Academiarum
1226 1152 1254 1223 ³-

143 1295 224 1364 uon
251 1276 372 1350 minus
388 1294 501 1370 quam
520 1294 679 1371 rerump.
702 1273 741 1350 in
766 1271 953 1373 disciplina
969 1273 1130 1373 publice
1139 1274 1193 1372 pri
1224 1292 1228 1320 ³

143 1388 331 1488 vatimque
355 1387 449 1463 bene
473 1387 668 1466 constituta
691 1399 730 1463 et
760 1385 1003 1465 administrata
1027 1385 1206 1479 cernitu13'
1237 1402 1254 1454 1

143 1522 238 1602 quae
267 1513 307 1580 ut
333 1496 455 1575 seuere
478 1499 745 1599 vigilanterque
765 1499 1000 1590 adhibeatur,
1029 1523 1112 1579 non
1135 1522 1195 1579 ma·
1230 1508 1245 1554 *³2

141 1614 201 1712 gis
219 1615 308 1712 reip.
326 1635 437 1712 quarn
456 1611 686 1712 singulorum
706 1615 870 1702 interest,
897 1612 924 1693 sr
944 1614 1064 1693 modo
1086 1613 1211 1695 conse

143 1728 211 1825 qui
236 1727 292 1814 id,
329 1729 433 1804 cuius
461 1723 577 1805 caussa
598 1727 643 1806 ad
669 1749 737 1812 uos
764 1727 968 1818 coniluitis,
1003 1727 1196 1809 volueritis.

144 1836 376 1942 Obsequium
399 1842 523 1939 itaque
549 1840 697 1939 nullutn
720 1864 833 1939 graue
852 1855 890 1922 et
906 1841 1047 1921 durum
1061 1832 1219 1920 arbitra

143 1955 286 2045 bimur,
314 1954 418 2054 quod
436 1955 600 2053 legibus,
631 1968 668 2032 et
682 1955 945 2053 magistratibus
963 1979 983 2032 e
999 1954 1085 2055 lege
1100 1980 1202 2055 agen·

143 2071 264 2160 tibus,
290 2068 461 2147 habetur.
527 2068 632 2162 Quin
660 2091 785 2147 umore
809 2082 846 2146 et
869 2071 1015 2149 caritate
1038 2072 1202 2170 rependi·

141 2208 230 2277 ,mus
252 2206 356 2260 curas
373 2197 560 2283 paternas,
592 2185 752 2284 vigilias,
782 2180 1045 2261 sollicitudines
1063 2208 1201 2272 eorum,

142 2300 231 2398 qui,
268 2307 309 2373 ut
329 2301 438 2376 nobis
465 2294 644 2386 benedt,
684 2296 783 2379 haud
807 2319 888 2374 raro
909 2296 1063 2386 melius,
1096 2320 1203 2398 quam
1231 2371 1232 2375 i

141 2410 379 2509 nosmetipsi
404 2413 443 2487 in
471 2433 541 2487 nos
566 2411 819 2496 statueramus,
859 2410 1037 2494 laborant
1108 2410 1205 2491 Haec

142 2525 385 2625 praestabitis,
422 2521 724 2613 commilitones,
755 2526 861 2614 viris,
887 2525 991 2603 alteri
1012 2549 1119 2604 nunc
1134 2551 1208 2607 rna·

140 2638 291 2737 gistratu
315 2638 524 2715 academico
547 2637 755 2724 decedenti,
793 2638 897 2715 alteri
921 2637 1083 2716 eundem
1108 2663 1207 2717 nunc

142 2753 296 2832 ineunti.
367 2751 631 2835 ,Habebuntur
665 2753 698 2826 ei
732 2754 784 2830 rei
817 2752 876 2834 die
908 2754 1063 2830 crastino
1102 2754 1208 2831 solita

141 2865 341 2957 sollennia,
391 2877 447 2945 ,et'
468 2866 584 2943 adibit
610 2866 857 2964 magistratum
883 2863 952 2945 Vir
974 2869 1208 2958 venerabilia,
1253 2939 1254 2959 Ν

141 2983 247 3058 cuius
270 2980 366 3064 bene
388 2981 435 3057 de
457 2982 561 3059 vobis
590 2981 762 3057 merentis
780 2980 1008 3061 voluntatem
1026 2985 1211 3059 etcarita-

143 3108 220 3172 tem
236 3093 295 3171 vel
305 3118 352 3173 ex
375 3097 495 3173 verbis
511 3094 597 3173 loco
611 3093 710 3172 sacro
727 3095 854 3195 advos
872 3094 970 3173 fallis
985 3094 1210 3195 perspectam

140 3207 294 3299 habetis,

417 3421 492 3504 ro.
535 3419 689 3505 uuur.
733 3380 936 3518 uoruu',
1077 3460 1080 3466 ·

142 3644 298 3723 ducetur
323 3647 362 3721 in
388 3644 572 3746 templum
597 3643 844 3723 academicum
865 3668 1020 3745 pompa.
1058 3643 1212 3727 habitis·

144 3782 218 3861 que
246 3782 294 3837 ex
317 3784 420 3836 more
446 3761 675 3837 orationibus
706 3761 949 3860 praestitoque
971 3761 1220 3839 iureiurando·

142 3873 406 3954 transferentur
426 3876 464 3950 in
489 3897 574 3951 eum
592 3874 682 3950 noui
696 3871 849 3950 honoris
868 3886 1081 3952 ornamenta
1098 3879 1212 3986 etin-

106 4080 109 4086 ,
143 3989 266 4086 signia.
335 3986 451 4081 Quod
478 4003 517 4064 vt
533 3989 637 4064 vobis
657 3985 719 4063 fiat
735 3987 943 4065 fauentibus
958 4004 995 4066 et
1009 3989 1108 4064 bona
1123 4004 1212 4067 vota

142 4102 455 4197 facientibus‚hoc
468 4103 528 4189 est,
543 4100 646 4200 quod
667 4100 768 4188 aTe,
787 4098 959 4201 Princeps
970 4099 1210 4193 Serenissrme,

145 4239 166 4290 a
195 4216 395 4315 vobisque,
441 4213 606 4293 Comites
628 4213 870 4303 lllulirillimi,
907 4238 977 4314 pro
994 4216 1104 4290 vestra
1123 4215 1211 4291 saci·

141 4328 244 4407 litate
281 4332 452 4430 precibus
487 4329 616 4415 nostris
645 4328 744 4416 haud
776 4351 884 4429 aegre
912 4330 1210 4431 impetrabimuu;

1086 4464 1211 4542 neque
