710 1331
106 207 145 227 166
301 208 444 219 ——-

103 258 191 282 gssratyam
200 255 330 282 a'ppeilabant)
338 256 428 281 sapienter:
434 255 456 276 fit
463 255 558 282 descripta,
570 259 591 277 'et
598 257 648 278 haec

105 286 177 306 senatus
188 285 340 310 magistratusque
354 285 381 304 vis
393 284 434 304 satis
446 285 512 304 virium
523 289 542 305 et
551 292 610 311 opum
620 287 646 306 ad

105 320 134 334 res
148 314 195 333 iusto
210 318 294 338 tempore
309 317 327 332 ee
341 313 407 332 ordine
419 313 570 333 administrandas
586 319 606 334 et
620 315 646 335 ad

106 343 223 368 cogendum,
245 342 276 361 vbi
288 341 379 361 neceffitas
389 341 451 366 legem
459 342 510 364 facit.
526 342 602 367 habeat;
615 344 647 363 in.

106 372 170 397 primis
180 377 224 390 vero
234 370 246 390 fi
254 371 273 389 in
282 376 356 389 morum
364 370 459 395 disciplina
467 370 551 390 seueritas
557 372 646 398 vitaeque

105 400 211 425 simplicitas
223 399 314 422 seruetur;
331 399 365 418 hac
378 399 428 418 enim
441 399 497 418 semel
505 399 574 419 sublata
583 401 607 420 ad
615 401 646 420 in'.

105 429 180 448 teritum
194 431 281 453 properat
294 427 370 452 quaeuis
382 433 428 452 resp.
440 428 501 447 multo
510 429 568 453 magis
578 429 646 449 foede-

106 461 154 479 tata,
177 457 229 476 cuius
244 456 291 475 saius
307 455 343 475 fide
355 455 459 481 fiduciaque
470 459 535 476 mutua
547 461 565 476 et
577 458 646 477 iustitia

106 486 222 507 continetur,
241 490 288 509 quae
299 483 333 503 effe
344 484 403 509 potest
411 484 473 507 nulla,
489 485 520 504 vbi
529 485 583 505 semel
592 486 616 505 ad
625 486 646 510 se

106 514 178 533 trahere
192 514 272 538 quisque
284 513 345 532 onmia
357 513 448 537 coeperit;
467 513 490 532 ud
502 513 550 533 bella
561 515 645 539 gerenda

107 543 185 561 omnino
199 548 219 561 ea
232 548 278 566 resp.
294 542 368 566 penitus
381 541 444 566 inepta
456 541 490 565 est3
508 540 554 561 ‘dum
567 548 613 567 pace
625 547 645 563 et

107 571 147 590 otio
163 571 241 593 viuitur,
260 570 337 594 flagrant
348 569 400 592 odia,
419 570 508 592 inuidiae,
525 570 643 596 suspiciones}

107 599 152 618 dum
165 603 225 618 metus
236 599 270 621 est,
285 604 308 617 ne
317 599 372 617 nimis
381 604 458 623 magnae
466 604 512 623 opes
520 598 595 624 fingulis
604 606 644 619 cre-

106 628 183 650 dantur,
198 628 301 652 potentiam
311 630 372 646 tamen
382 632 447 646 omnes
456 631 555 652 appetunt;
570 633 594 647 ex
605 628 643 653 ipsa

105 656 192 676 felicitate
200 656 283 681 publica,
296 655 357 675 multo
368 656 425 680 magis
433 661 457 674 ex
465 661 527 675 rerum
535 658 643 677 mercatum

107 688 126 704 et
139 690 162 704 ex
176 685 304 709 nauigatione,
323 683 336 703 si
347 685 411 709 copiae
422 687 441 703 et
453 684 528 704 diuitiae
536 690 642 709 creuerung

106 712 187 732 succedit
198 713 263 733 luxus.
283 718 344 737 eoque
359 712 418 731 sraelis
432 713 497 732 animis
511 715 642 739 corruptisque

106 742 191 760 moribus
206 741 263 760 virtus
278 741 330 760 domi
343 741 467 765 extinguitur,
487 741 583 761 audiuritas
595 739 642 762 foria

106 769 219 789 obscuratur.
257 769 329 789 Interea
345 773 420 788 externa
436 775 492 794 regna
507 770 530 789 ad
544 770 642 791 vtilitatem

104 797 154 817 suam
167 798 302 819 hncseferune,
317 802 336 817 vt
345 798 443 817 discordias
452 798 511 820 aiant,
525 798 573 818 dolis
584 803 641 824 atque

104 826 190 849 fallaciis,
206 832 252 852 quae
262 826 302 845 sana
311 826 362 849 sunt,
377 830 505 851 corrumpant3
519 828 543 846 ita
553 833 583 846 eas
592 833 640 853 resp.

104 859 137 874 aut
149 855 212 874 fraude
224 860 255 874 aut
267 856 284 874 vi
296 854 368 874 diffolui
376 854 446 874 necesse
458 855 488 874 est.
518 854 604 875 Omnino
613 857 642 876 vi-

105 883 187 903 dendum
200 884 224 903 est
237 883 344 908 diligenter,
364 889 388 902 ne
400 887 475 902 externa
486 889 543 908 regna
552 885 596 909 reip.
607 891 641 904 ne-

104 912 160 936 gotiis
169 912 186 931 se
196 912 317 931 immisceant:
332 912 399 931 horum
408 912 457 930 enim
468 912 558 931 amicitiae
565 912 640 933 insidio-

104 940 132 959 sae
140 940 200 959 muito
210 941 273 965 magis,
287 946 343 965 quam
352 940 394 959 odia
402 943 475 964 aperta,v
482 941 581 960 metuenda
591 941 639 961 sunt‘.

104 968 152 988 Sunt
166 969 213 991 alim
230 974 277 994 quae
290 974 323 993 per
337 972 430 993 tempora,
450 974 483 993 per
492 968 577 989 locorum
588 969 638 997 fitus,

102 1003 136 1022 per
150 998 252 1017 vicinorum
265 1003 285 1016 ac
295 997 415 1016 finitimorum
424 997 537 1022 populorum
546 998 576 1017 seu
585 998 640 1018 stulta

103 1025 134 1045 seu
142 1026 228 1051 sapientia
237 1025 311 1044 consilia
320 1025 413 1044 emendari
423 1025 504 1050 puss'unt:
517 1026 569 1045 nulla
576 1030 639 1047 tamen

102 1054 188 1079 sapientia
197 1054 277 1074 humana
286 1054 348 1073 omnia
357 1054 398 1073 satis
407 1054 487 1079 expedit.
505 1056 507 1058 ’

145 1110 204 1131 Fuere
216 1111 264 1130 inter
276 1114 346 1130 veteres
359 1109 445 1135 (vtamur
460 1111 509 1130 enirn
522 1112 637 1136 antiquitatis

103 1139 218 1168 austeritate,
235 1139 311 1165 quando
322 1139 398 1165 quidem
408 1139 446 1159 hoc
455 1140 512 1159 tutius
522 1144 540 1159 et
547 1140 639 1195 salubriu3

602 1169 627 1189 est
