<?xml version="1.0" encoding="UTF-8"?>
<!DOCTYPE html PUBLIC "-//W3C//DTD XHTML 1.0 Transitional//EN"
    "http://www.w3.org/TR/xhtml1/DTD/xhtml1-transitional.dtd">
<html xmlns="http://www.w3.org/1999/xhtml" xml:lang="en" lang="en">
 <head>
  <title>
</title>
<meta http-equiv="Content-Type" content="text/html;charset=utf-8" />
  <meta name='ocr-system' content='tesseract 3.04.00' />
  <meta name='ocr-capabilities' content='ocr_page ocr_carea ocr_par ocr_line ocrx_word'/>
</head>
<body>
  <div class='ocr_page' id='page_1' title='image "./chrgheyniiprofe00heyngoog_0127.png"; bbox 0 0 2580 5004; ppageno 0'>
   <div class='ocr_carea' id='block_1_1' title="bbox 188 674 855 740">
    <p class='ocr_par' dir='ltr' id='par_1_1' title="bbox 188 674 855 740">
     <span class='ocr_line' id='line_1_1' title="bbox 188 674 855 740; baseline -0.016 -1"><span class='ocrx_word' id='word_1_1' title='bbox 188 685 264 740; x_wconf 69' lang='grc' dir='ltr'>1·Ιῶ</span> <span class='ocrx_word' id='word_1_2' title='bbox 561 674 855 730; x_wconf 50' lang='lat' dir='ltr'><em>Q</em></span> 
     </span>
    </p>
   </div>
   <div class='ocr_carea' id='block_1_2' title="bbox 159 855 1290 3120">
    <p class='ocr_par' dir='ltr' id='par_1_2' title="bbox 159 855 1290 3120">
     <span class='ocr_line' id='line_1_2' title="bbox 170 855 1246 956; baseline 0.007 -19"><span class='ocrx_word' id='word_1_3' title='bbox 170 870 257 950; x_wconf 81' lang='lat' dir='ltr'>¹tete</span> <span class='ocrx_word' id='word_1_4' title='bbox 279 873 374 935; x_wconf 83' lang='lat' dir='ltr'>aeuo</span> <span class='ocrx_word' id='word_1_5' title='bbox 394 858 448 935; x_wconf 84' lang='lat' dir='ltr'>ita</span> <span class='ocrx_word' id='word_1_6' title='bbox 472 855 746 956; x_wconf 90' lang='lat' dir='ltr'>frequentatum</span> <span class='ocrx_word' id='word_1_7' title='bbox 764 857 854 950; x_wconf 85' lang='lat' dir='ltr'>fuit,</span> <span class='ocrx_word' id='word_1_8' title='bbox 882 871 922 937; x_wconf 87' lang='lat' dir='ltr'>vt</span> <span class='ocrx_word' id='word_1_9' title='bbox 935 863 1246 946; x_wconf 86' lang='lat' dir='ltr'>omnemfebrem</span> 
     </span>
     <span class='ocr_line' id='line_1_3' title="bbox 179 971 1290 1075; baseline 0.007 -25"><span class='ocrx_word' id='word_1_10' title='bbox 179 971 402 1072; x_wconf 85' lang='lat' dir='ltr'>malignam,</span> <span class='ocrx_word' id='word_1_11' title='bbox 446 971 734 1049; x_wconf 85' lang='lat' dir='ltr'>inflammatione</span> <span class='ocrx_word' id='word_1_12' title='bbox 748 995 882 1072; x_wconf 90' lang='lat' dir='ltr'>corpus</span> <span class='ocrx_word' id='word_1_13' title='bbox 899 991 1170 1075; x_wconf 82' lang='lat' dir='ltr'><strong>occupantem,</strong></span> <span class='ocrx_word' id='word_1_14' title='bbox 1188 1005 1245 1058; x_wconf 82' lang='lat' dir='ltr'>ex·</span> <span class='ocrx_word' id='word_1_15' title='bbox 1288 1029 1290 1044; x_wconf 61' lang='lat'>,</span> 
     </span>
     <span class='ocr_line' id='line_1_4' title="bbox 180 1086 1244 1184; baseline 0.006 -19"><span class='ocrx_word' id='word_1_16' title='bbox 180 1087 479 1177; x_wconf 78' lang='lat' dir='ltr'>anthematicam,</span> <span class='ocrx_word' id='word_1_17' title='bbox 517 1086 777 1184; x_wconf 87' lang='lat' dir='ltr'>epidemicani,</span> <span class='ocrx_word' id='word_1_18' title='bbox 822 1086 993 1165; x_wconf 89' lang='lat' dir='ltr'>homines</span> <span class='ocrx_word' id='word_1_19' title='bbox 1027 1099 1244 1172; x_wconf 91' lang='lat' dir='ltr'>eonomine</span> 
     </span>
     <span class='ocr_line' id='line_1_5' title="bbox 180 1198 1243 1302; baseline 0.001 -24"><span class='ocrx_word' id='word_1_20' title='bbox 180 1201 418 1302; x_wconf 79' lang='lat' dir='ltr'><strong>appellarent.</strong></span> <span class='ocrx_word' id='word_1_21' title='bbox 486 1198 603 1294; x_wconf 88' lang='lat' dir='ltr'>Quod</span> <span class='ocrx_word' id='word_1_22' title='bbox 624 1223 713 1276; x_wconf 87' lang='lat' dir='ltr'>vero</span> <span class='ocrx_word' id='word_1_23' title='bbox 730 1201 850 1278; x_wconf 90' lang='lat' dir='ltr'>multo</span> <span class='ocrx_word' id='word_1_24' title='bbox 867 1207 1016 1300; x_wconf 86' lang='lat' dir='ltr'>grauius</span> <span class='ocrx_word' id='word_1_25' title='bbox 1033 1206 1101 1292; x_wconf 93' lang='lat' dir='ltr'>est,</span> <span class='ocrx_word' id='word_1_26' title='bbox 1134 1232 1174 1283; x_wconf 93' lang='lat' dir='ltr'>re</span> <span class='ocrx_word' id='word_1_27' title='bbox 1191 1233 1243 1286; x_wconf 87' lang='lat' dir='ltr'>ac·</span> 
     </span>
     <span class='ocr_line' id='line_1_6' title="bbox 170 1312 1290 1418; baseline 0.005 -25"><span class='ocrx_word' id='word_1_28' title='bbox 170 1317 341 1393; x_wconf 89' lang='lat' dir='ltr'>curatius</span> <span class='ocrx_word' id='word_1_29' title='bbox 365 1313 557 1414; x_wconf 81' lang='lat' dir='ltr'>pensitata,</span> <span class='ocrx_word' id='word_1_30' title='bbox 600 1327 637 1390; x_wconf 90' lang='lat' dir='ltr'>et</span> <span class='ocrx_word' id='word_1_31' title='bbox 661 1313 754 1391; x_wconf 90' lang='lat' dir='ltr'>locis</span> <span class='ocrx_word' id='word_1_32' title='bbox 780 1318 819 1391; x_wconf 90' lang='lat' dir='ltr'>in</span> <span class='ocrx_word' id='word_1_33' title='bbox 839 1312 949 1393; x_wconf 91' lang='lat' dir='ltr'>Liuio</span> <span class='ocrx_word' id='word_1_34' title='bbox 978 1316 1136 1418; x_wconf 90' lang='lat' dir='ltr'>aliisque</span> <span class='ocrx_word' id='word_1_35' title='bbox 1165 1322 1242 1399; x_wconf 89' lang='lat' dir='ltr'>scri·</span> <span class='ocrx_word' id='word_1_36' title='bbox 1289 1381 1290 1385; x_wconf 14' lang='grc' dir='ltr'>Ι</span> 
     </span>
     <span class='ocr_line' id='line_1_7' title="bbox 179 1426 1242 1530; baseline 0.006 -24"><span class='ocrx_word' id='word_1_37' title='bbox 179 1431 366 1530; x_wconf 88' lang='lat' dir='ltr'>ptoribus,</span> <span class='ocrx_word' id='word_1_38' title='bbox 384 1431 423 1504; x_wconf 91' lang='lat' dir='ltr'>in</span> <span class='ocrx_word' id='word_1_39' title='bbox 442 1430 576 1527; x_wconf 91' lang='lat' dir='ltr'>quibus</span> <span class='ocrx_word' id='word_1_40' title='bbox 593 1426 639 1504; x_wconf 90' lang='lat' dir='ltr'>de</span> <span class='ocrx_word' id='word_1_41' title='bbox 654 1427 856 1528; x_wconf 85' lang='lat' dir='ltr'>pestilentia</span> <span class='ocrx_word' id='word_1_42' title='bbox 873 1432 1010 1528; x_wconf 85' lang='lat' dir='ltr'>agitur,</span> <span class='ocrx_word' id='word_1_43' title='bbox 1042 1431 1242 1512; x_wconf 88' lang='lat' dir='ltr'>considera·</span> 
     </span>
     <span class='ocr_line' id='line_1_8' title="bbox 179 1541 1240 1641; baseline 0.003 -21"><span class='ocrx_word' id='word_1_44' title='bbox 179 1545 252 1620; x_wconf 90' lang='lat' dir='ltr'>tius</span> <span class='ocrx_word' id='word_1_45' title='bbox 278 1541 497 1641; x_wconf 83' lang='lat' dir='ltr'><strong>exploratis,</strong></span> <span class='ocrx_word' id='word_1_46' title='bbox 530 1542 761 1619; x_wconf 81' lang='lat' dir='ltr'>manifestum</span> <span class='ocrx_word' id='word_1_47' title='bbox 783 1542 891 1619; x_wconf 92' lang='lat' dir='ltr'>nobis</span> <span class='ocrx_word' id='word_1_48' title='bbox 908 1541 986 1620; x_wconf 90' lang='lat' dir='ltr'>fieri</span> <span class='ocrx_word' id='word_1_49' title='bbox 1002 1546 1169 1637; x_wconf 86' lang='lat' dir='ltr'>videtur,</span> <span class='ocrx_word' id='word_1_50' title='bbox 1196 1574 1240 1631; x_wconf 84' lang='lat' dir='ltr'>ne</span> 
     </span>
     <span class='ocr_line' id='line_1_9' title="bbox 178 1653 1243 1755; baseline 0.008 -23"><span class='ocrx_word' id='word_1_51' title='bbox 178 1655 292 1732; x_wconf 78' lang='lat' dir='ltr'>vllam</span> <span class='ocrx_word' id='word_1_52' title='bbox 317 1655 469 1754; x_wconf 88' lang='lat' dir='ltr'>quidem</span> <span class='ocrx_word' id='word_1_53' title='bbox 501 1658 596 1731; x_wconf 92' lang='lat' dir='ltr'>inter</span> <span class='ocrx_word' id='word_1_54' title='bbox 623 1653 814 1733; x_wconf 90' lang='lat' dir='ltr'>Romanos</span> <span class='ocrx_word' id='word_1_55' title='bbox 838 1655 1079 1755; x_wconf 87' lang='lat' dir='ltr'>pestilentiam</span> <span class='ocrx_word' id='word_1_56' title='bbox 1103 1685 1243 1740; x_wconf 89' lang='lat' dir='ltr'>memo-</span> 
     </span>
     <span class='ocr_line' id='line_1_10' title="bbox 165 1768 1238 1873; baseline 0.018 -37"><span class='ocrx_word' id='word_1_57' title='bbox 165 1771 268 1857; x_wconf 81' lang='lat' dir='ltr'>rari,</span> <span class='ocrx_word' id='word_1_58' title='bbox 297 1791 391 1867; x_wconf 90' lang='lat' dir='ltr'>quae</span> <span class='ocrx_word' id='word_1_59' title='bbox 409 1792 478 1869; x_wconf 90' lang='lat' dir='ltr'>pro</span> <span class='ocrx_word' id='word_1_60' title='bbox 492 1768 692 1869; x_wconf 86' lang='lat' dir='ltr'>pestilentia</span> <span class='ocrx_word' id='word_1_61' title='bbox 708 1772 857 1870; x_wconf 84' lang='lat' dir='ltr'>proprie</span> <span class='ocrx_word' id='word_1_62' title='bbox 874 1770 964 1847; x_wconf 79' lang='lat' dir='ltr'>diua</span> <span class='ocrx_word' id='word_1_63' title='bbox 977 1771 1106 1849; x_wconf 89' lang='lat' dir='ltr'>haberi</span> <span class='ocrx_word' id='word_1_64' title='bbox 1124 1775 1238 1873; x_wconf 80' lang='lat' dir='ltr'>possit,</span> 
     </span>
     <span class='ocr_line' id='line_1_11' title="bbox 164 1879 1238 1990; baseline 0.014 -38"><span class='ocrx_word' id='word_1_65' title='bbox 164 1905 249 1960; x_wconf 82' lang='lat' dir='ltr'>‚nec</span> <span class='ocrx_word' id='word_1_66' title='bbox 264 1896 347 1962; x_wconf 88' lang='lat' dir='ltr'>ante</span> <span class='ocrx_word' id='word_1_67' title='bbox 361 1882 459 1961; x_wconf 85' lang='lat' dir='ltr'>Sacc.</span> <span class='ocrx_word' id='word_1_68' title='bbox 478 1882 526 1960; x_wconf 91' lang='grc' dir='ltr'>ΙΙ.</span> <span class='ocrx_word' id='word_1_69' title='bbox 544 1907 563 1958; x_wconf 93' lang='lat' dir='ltr'>a</span> <span class='ocrx_word' id='word_1_70' title='bbox 579 1879 620 1960; x_wconf 88' lang='lat' dir='ltr'>C.</span> <span class='ocrx_word' id='word_1_71' title='bbox 638 1881 686 1960; x_wconf 89' lang='lat' dir='ltr'>N.</span> <span class='ocrx_word' id='word_1_72' title='bbox 708 1883 827 1960; x_wconf 80' lang='lat' dir='ltr'>ullum</span> <span class='ocrx_word' id='word_1_73' title='bbox 839 1885 1066 1985; x_wconf 86' lang='lat' dir='ltr'>exemplum,</span> <span class='ocrx_word' id='word_1_74' title='bbox 1097 1887 1143 1964; x_wconf 93' lang='lat' dir='ltr'>de</span> <span class='ocrx_word' id='word_1_75' title='bbox 1164 1913 1238 1990; x_wconf 92' lang='lat' dir='ltr'>quo</span> 
     </span>
     <span class='ocr_line' id='line_1_12' title="bbox 176 1995 1237 2103; baseline 0.005 -28"><span class='ocrx_word' id='word_1_76' title='bbox 176 1996 257 2075; x_wconf 88' lang='lat' dir='ltr'>satis</span> <span class='ocrx_word' id='word_1_77' title='bbox 282 2012 383 2075; x_wconf 89' lang='lat' dir='ltr'>certo</span> <span class='ocrx_word' id='word_1_78' title='bbox 413 1997 574 2086; x_wconf 88' lang='lat' dir='ltr'>constet,</span> <span class='ocrx_word' id='word_1_79' title='bbox 617 2019 827 2075; x_wconf 89' lang='lat' dir='ltr'>occurrere:</span> <span class='ocrx_word' id='word_1_80' title='bbox 864 1995 1059 2098; x_wconf 84' lang='lat' dir='ltr'>siquidem,</span> <span class='ocrx_word' id='word_1_81' title='bbox 1097 2003 1139 2077; x_wconf 91' lang='lat' dir='ltr'>in</span> <span class='ocrx_word' id='word_1_82' title='bbox 1164 2026 1237 2103; x_wconf 93' lang='lat' dir='ltr'>quo</span> 
     </span>
     <span class='ocr_line' id='line_1_13' title="bbox 176 2110 1239 2226; baseline 0.004 -36"><span class='ocrx_word' id='word_1_83' title='bbox 176 2111 253 2190; x_wconf 85' lang='lat' dir='ltr'>fere</span> <span class='ocrx_word' id='word_1_84' title='bbox 269 2134 398 2189; x_wconf 87' lang='lat' dir='ltr'>omnes</span> <span class='ocrx_word' id='word_1_85' title='bbox 419 2113 659 2200; x_wconf 91' lang='lat' dir='ltr'>conueniunt,</span> <span class='ocrx_word' id='word_1_86' title='bbox 687 2110 793 2210; x_wconf 86' lang='lat' dir='ltr'>pestis</span> <span class='ocrx_word' id='word_1_87' title='bbox 807 2127 985 2204; x_wconf 89' lang='lat' dir='ltr'>naturam,</span> <span class='ocrx_word' id='word_1_88' title='bbox 1004 2137 1024 2190; x_wconf 90' lang='lat' dir='ltr'>a</span> <span class='ocrx_word' id='word_1_89' title='bbox 1043 2117 1239 2226; x_wconf 84' lang='lat' dir='ltr'>putredine</span> 
     </span>
     <span class='ocr_line' id='line_1_14' title="bbox 176 2228 1238 2328; baseline 0.004 -25"><span class='ocrx_word' id='word_1_90' title='bbox 176 2239 296 2304; x_wconf 91' lang='lat' dir='ltr'>ortam</span> <span class='ocrx_word' id='word_1_91' title='bbox 314 2239 351 2303; x_wconf 96' lang='lat' dir='ltr'>et</span> <span class='ocrx_word' id='word_1_92' title='bbox 372 2229 546 2325; x_wconf 85' lang='lat' dir='ltr'>contagio</span> <span class='ocrx_word' id='word_1_93' title='bbox 563 2239 790 2314; x_wconf 90' lang='lat' dir='ltr'>manantem,</span> <span class='ocrx_word' id='word_1_94' title='bbox 817 2249 884 2326; x_wconf 91' lang='lat' dir='ltr'>per</span> <span class='ocrx_word' id='word_1_95' title='bbox 898 2240 1061 2304; x_wconf 90' lang='lat' dir='ltr'>tumores</span> <span class='ocrx_word' id='word_1_96' title='bbox 1080 2228 1238 2328; x_wconf 86' lang='lat' dir='ltr'>glandu-</span> 
     </span>
     <span class='ocr_line' id='line_1_15' title="bbox 173 2339 1236 2439; baseline 0.005 -22"><span class='ocrx_word' id='word_1_97' title='bbox 173 2339 314 2430; x_wconf 87' lang='lat' dir='ltr'>larum,</span> <span class='ocrx_word' id='word_1_98' title='bbox 351 2339 559 2428; x_wconf 89' lang='lat' dir='ltr'>anthraces,</span> <span class='ocrx_word' id='word_1_99' title='bbox 597 2339 801 2439; x_wconf 90' lang='lat' dir='ltr'>parotides,</span> <span class='ocrx_word' id='word_1_100' title='bbox 842 2341 1031 2429; x_wconf 87' lang='lat' dir='ltr'>bubones,</span> <span class='ocrx_word' id='word_1_101' title='bbox 1066 2344 1236 2422; x_wconf 78' lang='lat' dir='ltr'>contatiu</span> 
     </span>
     <span class='ocr_line' id='line_1_16' title="bbox 166 2453 1235 2555; baseline 0.003 -23"><span class='ocrx_word' id='word_1_102' title='bbox 166 2454 388 2545; x_wconf 88' lang='lat' dir='ltr'>mortifero,</span> <span class='ocrx_word' id='word_1_103' title='bbox 437 2453 483 2530; x_wconf 93' lang='lat' dir='ltr'>ad</span> <span class='ocrx_word' id='word_1_104' title='bbox 512 2454 734 2553; x_wconf 82' lang='lat' dir='ltr'>praesentem</span> <span class='ocrx_word' id='word_1_105' title='bbox 771 2468 928 2529; x_wconf 89' lang='lat' dir='ltr'>mortem</span> <span class='ocrx_word' id='word_1_106' title='bbox 961 2472 1235 2555; x_wconf 89' lang='lat' dir='ltr'>properantem,</span> 
     </span>
     <span class='ocr_line' id='line_1_17' title="bbox 173 2567 1270 2668; baseline 0.005 -23"><span class='ocrx_word' id='word_1_107' title='bbox 173 2584 272 2645; x_wconf 89' lang='lat' dir='ltr'>certa</span> <span class='ocrx_word' id='word_1_108' title='bbox 287 2568 339 2645; x_wconf 91' lang='lat' dir='ltr'>sui</span> <span class='ocrx_word' id='word_1_109' title='bbox 354 2567 468 2667; x_wconf 86' lang='lat' dir='ltr'>signa,</span> <span class='ocrx_word' id='word_1_110' title='bbox 500 2570 635 2666; x_wconf 86' lang='lat' dir='ltr'>quibus</span> <span class='ocrx_word' id='word_1_111' title='bbox 654 2569 699 2644; x_wconf 88' lang='lat' dir='ltr'>ab</span> <span class='ocrx_word' id='word_1_112' title='bbox 716 2567 794 2644; x_wconf 87' lang='lat' dir='ltr'>aliis</span> <span class='ocrx_word' id='word_1_113' title='bbox 811 2567 973 2644; x_wconf 84' lang='lat' dir='ltr'>febribus</span> <span class='ocrx_word' id='word_1_114' title='bbox 991 2570 1148 2668; x_wconf 87' lang='lat' dir='ltr'>putridis</span> <span class='ocrx_word' id='word_1_115' title='bbox 1169 2573 1237 2649; x_wconf 91' lang='lat' dir='ltr'>dis-</span> <span class='ocrx_word' id='word_1_116' title='bbox 1268 2575 1270 2629; x_wconf 85' lang='grc' dir='ltr'><em>ἶ</em></span> 
     </span>
     <span class='ocr_line' id='line_1_18' title="bbox 161 2679 1235 2782; baseline 0.004 -24"><span class='ocrx_word' id='word_1_117' title='bbox 161 2684 276 2758; x_wconf 74' lang='lat' dir='ltr'>cerni</span> <span class='ocrx_word' id='word_1_118' title='bbox 304 2681 429 2782; x_wconf 81' lang='lat' dir='ltr'>possit,</span> <span class='ocrx_word' id='word_1_119' title='bbox 466 2679 694 2781; x_wconf 87' lang='lat' dir='ltr'>suppeditare</span> <span class='ocrx_word' id='word_1_120' title='bbox 716 2681 964 2759; x_wconf 87' lang='lat' dir='ltr'>concedamus</span> <span class='ocrx_word' id='word_1_121' title='bbox 986 2682 1041 2780; x_wconf 85' lang='lat' dir='ltr'>r).</span> <span class='ocrx_word' id='word_1_122' title='bbox 1114 2682 1159 2761; x_wconf 87' lang='lat' dir='ltr'>ln</span> <span class='ocrx_word' id='word_1_123' title='bbox 1191 2690 1235 2763; x_wconf 85' lang='lat' dir='ltr'>iis</span> 
     </span>
     <span class='ocr_line' id='line_1_19' title="bbox 159 2794 1238 2895; baseline 0.005 -22"><span class='ocrx_word' id='word_1_124' title='bbox 159 2794 317 2885; x_wconf 79' lang='lat' dir='ltr'>saltem,</span> <span class='ocrx_word' id='word_1_125' title='bbox 356 2819 450 2895; x_wconf 89' lang='lat' dir='ltr'>quae</span> <span class='ocrx_word' id='word_1_126' title='bbox 478 2795 668 2894; x_wconf 84' lang='lat' dir='ltr'>scriptores</span> <span class='ocrx_word' id='word_1_127' title='bbox 686 2795 732 2872; x_wconf 91' lang='lat' dir='ltr'>de</span> <span class='ocrx_word' id='word_1_128' title='bbox 751 2795 963 2893; x_wconf 86' lang='lat' dir='ltr'>pestilentiis</span> <span class='ocrx_word' id='word_1_129' title='bbox 981 2795 1136 2873; x_wconf 88' lang='lat' dir='ltr'>subinde</span> <span class='ocrx_word' id='word_1_130' title='bbox 1160 2798 1238 2878; x_wconf 87' lang='lat' dir='ltr'>Ro·</span> 
     </span>
     <span class='ocr_line' id='line_1_20' title="bbox 164 2908 1237 3000; baseline -0.007 -12"><span class='ocrx_word' id='word_1_131' title='bbox 164 2933 271 2988; x_wconf 59' lang='lat' dir='ltr'>&#39;marn</span> <span class='ocrx_word' id='word_1_132' title='bbox 289 2909 505 2987; x_wconf 88' lang='lat' dir='ltr'>vastantibus</span> <span class='ocrx_word' id='word_1_133' title='bbox 522 2921 732 3000; x_wconf 88' lang='lat' dir='ltr'>narrarunt,</span> <span class='ocrx_word' id='word_1_134' title='bbox 760 2908 854 2985; x_wconf 89' lang='lat' dir='ltr'>nihii</span> <span class='ocrx_word' id='word_1_135' title='bbox 872 2910 1053 2987; x_wconf 88' lang='lat' dir='ltr'>eiusmodi</span> <span class='ocrx_word' id='word_1_136' title='bbox 1070 2933 1237 2991; x_wconf 90' lang='lat' dir='ltr'>comme.</span> 
     </span>
     <span class='ocr_line' id='line_1_21' title="bbox 160 3042 1238 3120; baseline 0.007 -23"><span class='ocrx_word' id='word_1_137' title='bbox 160 3050 166 3060; x_wconf 96' lang='lat'>·</span> <span class='ocrx_word' id='word_1_138' title='bbox 1056 3042 1238 3120; x_wconf 89' lang='lat' dir='ltr'>moratur,</span> 
     </span>
    </p>
   </div>
   <div class='ocr_carea' id='block_1_3' title="bbox 281 3292 1233 3440">
    <p class='ocr_par' dir='ltr' id='par_1_3' title="bbox 281 3292 1233 3440">
     <span class='ocr_line' id='line_1_22' title="bbox 281 3292 1233 3440; baseline 0.006 -82"><span class='ocrx_word' id='word_1_139' title='bbox 281 3293 468 3380; x_wconf 78' lang='lat' dir='ltr'>potissimum</span> <span class='ocrx_word' id='word_1_140' title='bbox 491 3295 524 3359; x_wconf 88' lang='lat' dir='ltr'>in</span> <span class='ocrx_word' id='word_1_141' title='bbox 546 3295 609 3360; x_wconf 89' lang='lat' dir='ltr'>hoc</span> <span class='ocrx_word' id='word_1_142' title='bbox 630 3299 743 3379; x_wconf 78' lang='lat' dir='ltr'>ponet,</span> <span class='ocrx_word' id='word_1_143' title='bbox 775 3292 858 3440; x_wconf 49' lang='lat' dir='ltr'>qrrrnd</span> <span class='ocrx_word' id='word_1_144' title='bbox 878 3293 996 3357; x_wconf 84' lang='lat' dir='ltr'>multos</span> <span class='ocrx_word' id='word_1_145' title='bbox 1014 3293 1065 3357; x_wconf 76' lang='lat' dir='ltr'>ills</span> <span class='ocrx_word' id='word_1_146' title='bbox 1082 3297 1233 3377; x_wconf 71' lang='lat' dir='ltr'>perimet:</span> 
     </span>
    </p>
   </div>
   <div class='ocr_carea' id='block_1_4' title="bbox 156 3375 1290 4299">
    <p class='ocr_par' dir='ltr' id='par_1_4' title="bbox 155 3375 1290 4299">
     <span class='ocr_line' id='line_1_23' title="bbox 156 3375 1234 3462; baseline -0.006 -20"><span class='ocrx_word' id='word_1_147' title='bbox 156 3388 162 3398; x_wconf 73' lang='lat'><strong>⁴</strong></span> <span class='ocrx_word' id='word_1_148' title='bbox 281 3381 319 3443; x_wconf 75' lang='lat' dir='ltr'>sd</span> <span class='ocrx_word' id='word_1_149' title='bbox 333 3381 474 3462; x_wconf 81' lang='lat' dir='ltr'>Epidem.</span> <span class='ocrx_word' id='word_1_150' title='bbox 490 3379 548 3455; x_wconf 86' lang='grc' dir='ltr'>ΙΙΙ,</span> <span class='ocrx_word' id='word_1_151' title='bbox 569 3397 620 3449; x_wconf 75' lang='lat'>20.</span> <span class='ocrx_word' id='word_1_152' title='bbox 646 3398 676 3461; x_wconf 78' lang='lat' dir='ltr'>p·</span> <span class='ocrx_word' id='word_1_153' title='bbox 692 3383 763 3456; x_wconf 70' lang='lat' dir='ltr'>aba.</span> <span class='ocrx_word' id='word_1_154' title='bbox 817 3400 848 3439; x_wconf 91' lang='grc' dir='ltr'>ο.</span> <span class='ocrx_word' id='word_1_155' title='bbox 862 3377 916 3442; x_wconf 86' lang='lat' dir='ltr'>lx.</span> <span class='ocrx_word' id='word_1_156' title='bbox 934 3375 967 3439; x_wconf 80' lang='grc' dir='ltr'>ου’</span> <span class='ocrx_word' id='word_1_157' title='bbox 980 3376 1037 3461; x_wconf 64' lang='grc' dir='ltr'>«γάρ</span> <span class='ocrx_word' id='word_1_158' title='bbox 1051 3377 1087 3461; x_wconf 67' lang='grc' dir='ltr'><em>δὴ</em></span> <span class='ocrx_word' id='word_1_159' title='bbox 1101 3384 1234 3460; x_wconf 58' lang='lat' dir='ltr'>recipe.</span> 
     </span>
     <span class='ocr_line' id='line_1_24' title="bbox 282 3458 1234 3542; baseline 0.003 -17"><span class='ocrx_word' id='word_1_160' title='bbox 282 3464 333 3533; x_wconf 71' lang='lat' dir='ltr'>ede</span> <span class='ocrx_word' id='word_1_161' title='bbox 356 3467 392 3537; x_wconf 71' lang='grc' dir='ltr'>γέ</span> <span class='ocrx_word' id='word_1_162' title='bbox 415 3485 494 3532; x_wconf 68' lang='grc' dir='ltr'><strong><em>τινος</em></strong></span> <span class='ocrx_word' id='word_1_163' title='bbox 508 3458 598 3541; x_wconf 75' lang='grc' dir='ltr'><strong><em>ὄνομα</em></strong></span> <span class='ocrx_word' id='word_1_164' title='bbox 613 3460 694 3523; x_wconf 68' lang='lat' dir='ltr'>scria</span> <span class='ocrx_word' id='word_1_165' title='bbox 710 3458 859 3542; x_wconf 77' lang='grc' dir='ltr'>Ιπιδήμιον</span> <span class='ocrx_word' id='word_1_166' title='bbox 875 3458 1065 3538; x_wconf 54' lang='lat' dir='ltr'>discedite,</span> <span class='ocrx_word' id='word_1_167' title='bbox 1089 3461 1168 3540; x_wconf 61' lang='grc' dir='ltr'><strong><em>ἄλλ’,</em></strong></span> <span class='ocrx_word' id='word_1_168' title='bbox 1188 3465 1234 3529; x_wconf 77' lang='grc' dir='ltr'>ὅτι</span> 
     </span>
     <span class='ocr_line' id='line_1_25' title="bbox 195 3541 1233 3630; baseline -0.003 -21"><span class='ocrx_word' id='word_1_169' title='bbox 195 3590 202 3616; x_wconf 85' lang='grc'>,</span> <span class='ocrx_word' id='word_1_170' title='bbox 279 3568 336 3630; x_wconf 77' lang='grc' dir='ltr'>περ</span> <span class='ocrx_word' id='word_1_171' title='bbox 360 3541 396 3607; x_wconf 75' lang='lat' dir='ltr'>ab</span> <span class='ocrx_word' id='word_1_172' title='bbox 416 3549 541 3615; x_wconf 74' lang='grc' dir='ltr'><strong><em>πολλοῖς</em></strong></span> <span class='ocrx_word' id='word_1_173' title='bbox 567 3546 599 3606; x_wconf 79' lang='grc' dir='ltr'>ἐν</span> <span class='ocrx_word' id='word_1_174' title='bbox 626 3545 668 3607; x_wconf 76' lang='lat' dir='ltr'>tvi</span> <span class='ocrx_word' id='word_1_175' title='bbox 695 3548 807 3620; x_wconf 68' lang='grc' dir='ltr'>γίνεται</span> <span class='ocrx_word' id='word_1_176' title='bbox 828 3547 948 3624; x_wconf 76' lang='grc' dir='ltr'><em>χωρίῳ,</em></span> <span class='ocrx_word' id='word_1_177' title='bbox 969 3546 1056 3606; x_wconf 77' lang='grc' dir='ltr'><strong>τοῦτο</strong></span> <span class='ocrx_word' id='word_1_178' title='bbox 1079 3545 1233 3628; x_wconf 72' lang='grc' dir='ltr'>ἐπιδήμιον</span> 
     </span>
     <span class='ocr_line' id='line_1_26' title="bbox 279 3624 1231 3731; baseline -0.001 -39"><span class='ocrx_word' id='word_1_179' title='bbox 279 3627 446 3731; x_wconf 67' lang='grc' dir='ltr'>νομίζεται·</span> <span class='ocrx_word' id='word_1_180' title='bbox 472 3626 691 3709; x_wconf 71' lang='grc' dir='ltr'>προσελθόντος</span> <span class='ocrx_word' id='word_1_181' title='bbox 711 3627 744 3691; x_wconf 76' lang='grc' dir='ltr'>δὲ</span> <span class='ocrx_word' id='word_1_182' title='bbox 767 3624 848 3710; x_wconf 71' lang='grc' dir='ltr'>αὐτῷ</span> <span class='ocrx_word' id='word_1_183' title='bbox 874 3626 927 3688; x_wconf 81' lang='grc' dir='ltr'>τοῦ</span> <span class='ocrx_word' id='word_1_184' title='bbox 945 3627 1074 3697; x_wconf 69' lang='grc' dir='ltr'><strong><em>πολλοὺς</em></strong></span> <span class='ocrx_word' id='word_1_185' title='bbox 1087 3627 1231 3713; x_wconf 70' lang='lat' dir='ltr'>deceptis,</span> 
     </span>
     <span class='ocr_line' id='line_1_27' title="bbox 156 3710 1233 3797; baseline 0.001 -21"><span class='ocrx_word' id='word_1_186' title='bbox 156 3713 162 3797; x_wconf 38' lang='grc' dir='ltr'>ζ</span> <span class='ocrx_word' id='word_1_187' title='bbox 279 3716 380 3791; x_wconf 63' lang='lat' dir='ltr'>seipse</span> <span class='ocrx_word' id='word_1_188' title='bbox 400 3717 522 3789; x_wconf 76' lang='grc' dir='ltr'>γίνεται.</span> <span class='ocrx_word' id='word_1_189' title='bbox 576 3712 645 3777; x_wconf 86' lang='lat' dir='ltr'>Fuit</span> <span class='ocrx_word' id='word_1_190' title='bbox 670 3712 730 3775; x_wconf 88' lang='lat' dir='ltr'>boc</span> <span class='ocrx_word' id='word_1_191' title='bbox 752 3712 932 3794; x_wconf 86' lang='lat' dir='ltr'>pierumque</span> <span class='ocrx_word' id='word_1_192' title='bbox 953 3710 1162 3775; x_wconf 74' lang='lat' dir='ltr'>interemisse</span> <span class='ocrx_word' id='word_1_193' title='bbox 1182 3716 1233 3778; x_wconf 86' lang='lat' dir='ltr'>in·</span> 
     </span>
     <span class='ocr_line' id='line_1_28' title="bbox 277 3792 1280 3880; baseline -0.001 -18"><span class='ocrx_word' id='word_1_194' title='bbox 277 3811 506 3862; x_wconf 85' lang='lat' dir='ltr'>crementorum</span> <span class='ocrx_word' id='word_1_195' title='bbox 525 3815 604 3874; x_wconf 81' lang='lat' dir='ltr'>quse</span> <span class='ocrx_word' id='word_1_196' title='bbox 628 3794 721 3880; x_wconf 84' lang='lat' dir='ltr'>pestis</span> <span class='ocrx_word' id='word_1_197' title='bbox 739 3796 886 3874; x_wconf 73' lang='lat' dir='ltr'>contagio</span> <span class='ocrx_word' id='word_1_198' title='bbox 908 3792 1031 3866; x_wconf 74' lang='lat' dir='ltr'>hebuit,</span> <span class='ocrx_word' id='word_1_199' title='bbox 1046 3795 1129 3876; x_wconf 88' lang='lat' dir='ltr'>quod</span> <span class='ocrx_word' id='word_1_200' title='bbox 1154 3797 1231 3876; x_wconf 77' lang='lat' dir='ltr'>ipsis</span> <span class='ocrx_word' id='word_1_201' title='bbox 1279 3798 1280 3808; x_wconf 50' lang='lat'>³</span> 
     </span>
     <span class='ocr_line' id='line_1_29' title="bbox 279 3874 1229 3958; baseline -0.001 -14.115"><span class='ocrx_word' id='word_1_202' title='bbox 279 3881 408 3944; x_wconf 85' lang='lat' dir='ltr'>medicis</span> <span class='ocrx_word' id='word_1_203' title='bbox 427 3878 624 3943; x_wconf 76' lang='lat' dir='ltr'>controuerss</span> <span class='ocrx_word' id='word_1_204' title='bbox 646 3897 695 3942; x_wconf 85' lang='lat' dir='ltr'>rer</span> <span class='ocrx_word' id='word_1_205' title='bbox 712 3876 788 3952; x_wconf 83' lang='lat' dir='ltr'>fuit,</span> <span class='ocrx_word' id='word_1_206' title='bbox 824 3874 1034 3958; x_wconf 75' lang='lat' dir='ltr'>pestilentiam</span> <span class='ocrx_word' id='word_1_207' title='bbox 1053 3898 1090 3939; x_wconf 74' lang='lat' dir='ltr'>sn</span> <span class='ocrx_word' id='word_1_208' title='bbox 1106 3880 1165 3943; x_wconf 75' lang='lat' dir='ltr'>alta</span> <span class='ocrx_word' id='word_1_209' title='bbox 1181 3883 1229 3943; x_wconf 82' lang='lat' dir='ltr'>fe·</span> 
     </span>
     <span class='ocr_line' id='line_1_30' title="bbox 278 3956 1229 4042; baseline 0 -14"><span class='ocrx_word' id='word_1_210' title='bbox 278 3964 342 4028; x_wconf 81' lang='lat' dir='ltr'>bris</span> <span class='ocrx_word' id='word_1_211' title='bbox 360 3965 468 4027; x_wconf 81' lang='lat' dir='ltr'>suerue</span> <span class='ocrx_word' id='word_1_212' title='bbox 486 3981 615 4040; x_wconf 74' lang='lat' dir='ltr'>corpote</span> <span class='ocrx_word' id='word_1_213' title='bbox 639 3969 784 4028; x_wconf 73' lang='lat' dir='ltr'>tentaret.</span> <span class='ocrx_word' id='word_1_214' title='bbox 826 3959 873 4023; x_wconf 78' lang='lat' dir='ltr'>Ite</span> <span class='ocrx_word' id='word_1_215' title='bbox 883 3956 1043 4037; x_wconf 70' lang='lat' dir='ltr'>Matutine,</span> <span class='ocrx_word' id='word_1_216' title='bbox 1066 3977 1165 4042; x_wconf 77' lang='lat'>1720,</span> <span class='ocrx_word' id='word_1_217' title='bbox 1183 3967 1229 4028; x_wconf 73' lang='lat' dir='ltr'>ita</span> 
     </span>
     <span class='ocr_line' id='line_1_31' title="bbox 278 4041 1281 4125; baseline -0.001 -16"><span class='ocrx_word' id='word_1_218' title='bbox 278 4045 420 4115; x_wconf 79' lang='lat' dir='ltr'>Veneriis</span> <span class='ocrx_word' id='word_1_219' title='bbox 445 4053 534 4125; x_wconf 80' lang='lat'>157⁶.</span> <span class='ocrx_word' id='word_1_220' title='bbox 556 4057 588 4109; x_wconf 87' lang='lat' dir='ltr'>et</span> <span class='ocrx_word' id='word_1_221' title='bbox 611 4045 681 4107; x_wconf 71' lang='lat' dir='ltr'>stite</span> <span class='ocrx_word' id='word_1_222' title='bbox 699 4044 777 4107; x_wconf 83' lang='lat' dir='ltr'>locis</span> <span class='ocrx_word' id='word_1_223' title='bbox 795 4062 831 4104; x_wconf 80' lang='lat' dir='ltr'>ac</span> <span class='ocrx_word' id='word_1_224' title='bbox 855 4043 1047 4123; x_wconf 78' lang='lat' dir='ltr'>temporibus</span> <span class='ocrx_word' id='word_1_225' title='bbox 1062 4042 1092 4106; x_wconf 89' lang='lat' dir='ltr'>se</span> <span class='ocrx_word' id='word_1_226' title='bbox 1107 4066 1155 4110; x_wconf 75' lang='lat' dir='ltr'>res</span> <span class='ocrx_word' id='word_1_227' title='bbox 1172 4049 1229 4109; x_wconf 81' lang='lat' dir='ltr'>im·</span> <span class='ocrx_word' id='word_1_228' title='bbox 1280 4041 1281 4061; x_wconf 63' lang='lat'>¹</span> 
     </span>
     <span class='ocr_line' id='line_1_32' title="bbox 278 4124 1290 4278; baseline 0 -83"><span class='ocrx_word' id='word_1_229' title='bbox 278 4131 356 4195; x_wconf 80' lang='lat' dir='ltr'>buit</span> <span class='ocrx_word' id='word_1_230' title='bbox 374 4133 432 4278; x_wconf 40' lang='lat' dir='ltr'>§cs</span> <span class='ocrx_word' id='word_1_231' title='bbox 451 4129 600 4194; x_wconf 84' lang='lat' dir='ltr'>Griliccio</span> <span class='ocrx_word' id='word_1_232' title='bbox 615 4125 737 4211; x_wconf 80' lang='lat' dir='ltr'>Saggio</span> <span class='ocrx_word' id='word_1_233' title='bbox 748 4124 882 4208; x_wconf 77' lang='lat' dir='ltr'>sopraii</span> <span class='ocrx_word' id='word_1_234' title='bbox 903 4124 1016 4191; x_wconf 85' lang='lat' dir='ltr'>Morbo</span> <span class='ocrx_word' id='word_1_235' title='bbox 1032 4124 1113 4192; x_wconf 72' lang='lat' dir='ltr'>detto</span> <span class='ocrx_word' id='word_1_236' title='bbox 1130 4128 1229 4216; x_wconf 76' lang='lat' dir='ltr'>Ruffo</span> <span class='ocrx_word' id='word_1_237' title='bbox 1288 4213 1290 4217; x_wconf 10' lang='grc' dir='ltr'><em>Α</em></span> 
     </span>
     <span class='ocr_line' id='line_1_33' title="bbox 276 4211 832 4299; baseline -0.009 -21"><span class='ocrx_word' id='word_1_238' title='bbox 276 4232 308 4297; x_wconf 84' lang='lat' dir='ltr'>p.</span> <span class='ocrx_word' id='word_1_239' title='bbox 325 4233 356 4296; x_wconf 80' lang='lat'>4.</span> <span class='ocrx_word' id='word_1_240' title='bbox 387 4234 437 4299; x_wconf 88' lang='lat' dir='ltr'>qq.</span> <span class='ocrx_word' id='word_1_241' title='bbox 454 4211 532 4278; x_wconf 75' lang='lat' dir='ltr'>della</span> <span class='ocrx_word' id='word_1_242' title='bbox 550 4212 832 4297; x_wconf 73' lang='lat' dir='ltr'>Comprouacione).</span> 
     </span>
    </p>
   </div>
   <div class='ocr_carea' id='block_1_5' title="bbox 215 4345 1225 4604">
    <p class='ocr_par' dir='ltr' id='par_1_5' title="bbox 215 4345 1225 4604">
     <span class='ocr_line' id='line_1_34' title="bbox 215 4345 1225 4514; baseline 0.011 -23"><span class='ocrx_word' id='word_1_243' title='bbox 215 4355 263 4491; x_wconf 59' lang='grc' dir='ltr'>ἶ)</span> <span class='ocrx_word' id='word_1_244' title='bbox 275 4348 488 4509; x_wconf 54' lang='lat' dir='ltr'>siim.</span> <span class='ocrx_word' id='word_1_245' title='bbox 503 4345 1225 4514; x_wconf 55' lang='lat' dir='ltr'>siffstfasss‘ssis?fisisdssffi’siiiiss</span> 
     </span>
     <span class='ocr_line' id='line_1_35' title="bbox 272 4513 1181 4604; baseline 0.001 -22"><span class='ocrx_word' id='word_1_246' title='bbox 272 4521 322 4583; x_wconf 86' lang='lat' dir='ltr'>dis</span> <span class='ocrx_word' id='word_1_247' title='bbox 318 4533 423 4602; x_wconf 76' lang='lat' dir='ltr'>putat·</span> <span class='ocrx_word' id='word_1_248' title='bbox 437 4534 491 4588; x_wconf 78' lang='lat' dir='ltr'>rut</span> <span class='ocrx_word' id='word_1_249' title='bbox 506 4520 650 4604; x_wconf 73' lang='lat' dir='ltr'>ignorsre</span> <span class='ocrx_word' id='word_1_250' title='bbox 662 4529 716 4581; x_wconf 77' lang='lat' dir='ltr'>rut</span> <span class='ocrx_word' id='word_1_251' title='bbox 733 4516 855 4581; x_wconf 74' lang='lat' dir='ltr'>eleuare</span> <span class='ocrx_word' id='word_1_252' title='bbox 868 4515 947 4580; x_wconf 82' lang='lat' dir='ltr'>veile</span> <span class='ocrx_word' id='word_1_253' title='bbox 959 4513 1055 4580; x_wconf 79' lang='lat' dir='ltr'>uideri</span> <span class='ocrx_word' id='word_1_254' title='bbox 1067 4519 1181 4600; x_wconf 73' lang='lat' dir='ltr'>potest,</span> 
     </span>
    </p>
   </div>
   <div class='ocr_carea' id='block_1_6' title="bbox 0 0 1294 5004">
    <p class='ocr_par' dir='ltr' id='par_1_6' title="bbox 0 0 1294 5004">
     <span class='ocr_line' id='line_1_36' title="bbox 0 0 1294 5004; baseline 0 3"><span class='ocrx_word' id='word_1_255' title='bbox 0 0 1294 5004; x_wconf 95' lang='lat' dir='ltr'> </span> 
     </span>
    </p>
   </div>
  </div>
 </body>
</html>
