710 1331
112 209 151 233 156
305 213 448 228 Ξ

108 259 159 279 mani
171 259 240 279 flerent
269 258 299 279 Ex
306 259 340 279 liae
348 259 390 284 lege
397 265 453 284 quam
461 262 545 285 tempora
553 259 643 286 expreffa.

107 291 158 310 rant.
178 294 218 307 non
232 289 313 313 aequitas
326 291 345 307 et
359 288 473 310 moderatio,
491 288 576 308 vniuetso
587 288 643 309 Latio

107 320 126 336 et
134 316 244 342 quibusdam
252 315 370 336 Etruscorum
377 317 442 336 ciuitas
450 316 497 336 dan.

162 365 203 386 Hac
215 366 291 385 Senatus
303 365 400 391 prudentia
413 366 458 386 belli
474 366 553 391 impetus
567 367 642 387 retundi

106 395 180 420 coepit3
193 400 236 414 nam
248 400 287 413 non
297 394 354 414 modo
363 398 432 414 veteres
440 394 491 414 Socii
500 395 538 414 lmc
549 395 640 416 beneflcio

106 424 163 443 artius
173 423 224 443 fuere
236 422 315 442 deuinssi
327 426 346 442 et
354 422 405 442 dubii
415 424 433 442 in
442 422 478 442 fide
486 424 562 446 retenti,
575 429 640 444 verum

106 453 162 472 etiam
178 452 211 477 qui
227 452 246 470 in
263 451 317 470 armis
331 454 383 470 erant
396 451 419 470 ad
433 451 482 476 spem
497 451 559 471 fimilis
571 453 640 477 gratiae

106 480 160 500 exedi
171 479 205 503 *).
239 479 280 499 Nee
292 479 410 505 sequentibus
423 485 499 505 quoque
512 481 565 499 aunis
572 480 641 504 melius

105 508 209 528 remedium
218 508 269 527 malo
277 511 375 533 repertum,
400 507 449 527 Nam
457 508 515 527 statim
523 514 572 528 anno
580 508 639 530 altero

105 536 136 560 (a.
149 536 208 560 665.)
239 535 279 556 Lex
290 535 360 556 Plautia
372 535 443 561 Papiria
451 536 487 556 lata
502 542 512 556 a
524 536 551 556 M.
564 536 638 560 Plautio

73 586 75 588 ,
104 564 178 588 Silano,
194 563 215 584 C.
223 564 297 590 Papirio
306 563 392 584 Carbone
401 565 466 584 Tribb.
478 565 503 590 pl.
512 571 549 590 qua
557 569 638 589 cautum,

104 598 130 616 vt,
137 594 169 619 qui
178 593 276 613 foederatis
284 593 388 613 ciuitatibus
395 593 479 619 adscripti
487 593 549 616 effent,
563 597 587 616 et,
595 600 638 615 cum

103 622 149 642 haec
160 622 191 642 lex
199 622 287 644 ferretur,
301 622 320 641 in
329 621 382 641 ltalia
390 622 504 641 domicilium
512 622 610 645 haberent,
625 622 638 642 fi

103 649 146 670 LX.
163 651 228 670 diebus
240 650 290 676 apud
302 649 406 670 Praetorem
420 656 489 670 nomen
501 650 637 676 profiterentur,

103 679 117 698 ii
124 680 174 699 ciues
182 679 261 699 Romani
271 679 344 704 optimo
354 679 394 698 iure
402 678 463 698 ess‘ent.

160 728 232 748 Interea
243 728 314 748 bellum
330 734 369 748 non
382 728 440 748 modo
452 729 592 751 continuatum,
606 735 638 749 ve-

102 763 154 780 rum,
176 761 196 776 vt
207 757 237 780 fit,
259 757 311 777 omni
326 756 438 776 crudelitatis
449 761 467 776 et
476 756 559 776 saeuitiae
567 763 636 782 genere

102 786 242 809 exacerbatum
260 785 320 805 clades
330 785 378 804 vltra
386 785 470 811 citroque
478 785 538 805 illaoee
545 789 564 805 et
571 791 636 811 accep-

102 817 141 838 tae;
159 815 227 839 recepti
239 815 258 833 in
269 813 324 833 fidem
338 820 348 832 a
362 813 452 833 Romanis
462 813 543 839 Peligni,
558 813 635 837 Vestini,

101 842 166 866 Marfi;
177 842 263 862 Asculum
271 841 321 862 aCn¹
329 841 417 867 Pompeio
422 842 511 862 Strabone
517 841 557 862 Cos.
564 841 635 868 (665.)

101 872 119 890 vi
132 875 216 896 captum,
235 872 253 890 in
268 874 331 896 aptos
344 870 414 890 summa
426 877 468 890 cum
476 871 588 890 immanitate
598 871 634 891 sae-

100 900 165 919 vitum.
194 899 234 921 Alia
245 905 269 919 ex
283 903 333 924 parte
345 903 409 918 mutua
418 898 481 918 fraude
490 903 508 918 et
522 899 567 919 dolo
576 899 635 919 multa

100 929 187 953 vtrinque
201 928 276 947 vulnera
291 927 366 951 inflictu
385 927 498 952 malignitate
506 931 525 947 et
534 927 578 947 odio
586 931 634 947 atro-

100 957 150 976 ciora
159 957 224 979 etiam,
239 962 296 982 quam
304 961 351 981 quae
359 955 437 979 fiebant,
451 956 532 975 nuntiata
536 962 543 979 ;
554 956 634 975 incusata

100 986 209 1011 improbitas
216 985 305 1007 hostium,
320 985 375 1007 duni.
389 990 437 1010 quae
444 985 467 1004 ab
475 985 546 1007 amicis,
560 984 591 1004 etii
601 985 633 1004 fla-

99 1013 219 1039 gitiofiffime,
237 1013 281 1033 faela
293 1012 359 1035 effent,
379 1019 419 1032 non
428 1013 560 1032 excusabantur
567 1013 631 1036 modo,

99 1048 174 1065 verum,
195 1045 283 1067 tanquam
295 1041 386 1067 praeclare
397 1041 528 1064 administrata,
547 1041 632 1061 laudibus

99 1071 227 1091 efferebantur.
260 1069 340 1090 Romani
352 1070 468 1095 praecipuam
481 1075 557 1095 operam
569 1070 588 1089 id
601 1070 631 1098 ‘³²7

97 1099 153 1122 bant,
170 1103 190 1119 vt
203 1098 265 1124 paffim
277 1104 310 1124 per
321 1099 404 1118 ciuitates
411 1098 508 1118 discordias
516 1104 538 1118 ac
545 1098 632 1118 factiones

563 1132 632 1152 princi-

128 1173 150 1195 0)
160 1173 227 1200 ,Arpina-
235 1173 247 1191 ¹-
256 1179 270 1191 ⁶·
280 1178 295 1196 1²·
302 1174 339 1195 ⁶⁴⁹·
