2580 4996
494 575 775 643 zm·-
914 645 920 653 ,
1079 560 1164 664 'try

59 752 66 763 ’
98 762 265 863 iugentia
289 771 444 849 exorta,
486 758 600 837 fames
627 760 923 864 pestilentiaque,
967 760 1076 842 foeda
1096 763 1166 844 ho-

95 879 210 965 mini,
252 873 366 952 foeda
388 875 562 975 pecori„
624 869 681 949 Ita
703 871 853 969 Liuius3
900 889 938 953 at
961 871 1165 979 Dionyfiua

94 992 234 1066 iterum
248 987 436 1066 rhetorico
449 986 592 1087 spiritu:
609 991 823 1089 „mancipia
839 1002 981 1067 tantum
996 1013 1166 1070 nonom-

97 1104 161 1179 nia
188 1103 374 1188 absumta,
408 1103 659 1201 ingenuorum
681 1100 870 1179 dimidiam
891 1115 1032 1203 partem
1046 1101 1164 1181 subla·

100 1231 197 1306 tam,
232 1229 276 1290 vt
300 1228 537 1313 aegrotorum
560 1235 717 1290 numero
740 1238 817 1292 non
838 1215 1072 1317 suppeterent
1086 1240 1165 1294 me

99 1329 233 1422 dien„
268 1351 312 1406 ac
336 1327 362 1403 li
387 1330 461 1404 iam
483 1325 551 1403 illo
573 1338 740 1427 tempore
761 1325 882 1424 Roma
899 1330 1064 1407 medicos
1080 1329 1164 1407 suos

104 1438 269 1519 babuiffe
300 1439 415 1516 videri
438 1437 553 1541 possit
577 1438 616 1537 1)
679 1437 726 1518 V.
750 1438 791 1517 C.
820 1457 909 1537 318.
935 1441 1165 1542 „pestilentia

105 1555 293 1657 populum
312 1553 461 1648 inuafit3
495 1588 554 1608 -
577 1566 739 1632 ceterum
766 1558 882 1653 magis
898 1560 950 1633 vis
969 1557 1091 1635 morbi
1108 1559 1165 1634 in·

104 1667 322 1768 grauescens
350 1689 459 1744 curae
482 1679 558 1744 erat
572 1678 803 1768 terroresque
819 1692 861 1745 ac
877 1671 1043 1770 prodigia
1051 1695 1064 1764 3
1089 1695 1165 1747 ma-

105 1784 208 1858 xime
235 1779 341 1881 quod
375 1781 510 1859 crebris
542 1781 705 1858 motibus
738 1795 852 1858 terrae
875 1807 979 1859 ruere
1001 1786 1041 1858 in
1069 1787 1165 1883 agris

106 1895 369 1972 nuntiabantur
401 1893 534 1983 tetta„
561 1897 620 1987 m)
683 1891 877 2002 Probabile
901 1894 960 1984 fit,
1005 1895 1164 1973 hiatibus

108 2007 175 2085 soli
215 2019 431 2108 corruptum
467 2030 587 2084 aerem
622 2010 837 2106 contagium
869 2005 1044 2109 sparsisse.-
1087 2031 1165 2106 quo

109 2122 183 2198 fere
211 2120 326 2199 modo
355 2121 471 2222 pestes
500 2120 601 2198 Saec.
615 2117 681 2197 VI.
710 2136 747 2197 et
768 2117 877 2198 XIII.
895 2144 915 2196 a
933 2118 974 2196 C.
992 2119 1041 2198 N.
1064 2136 1165 2198 ortae

110 2234 284 2312 feruntur.
309 2238 357 2328 n)
403 2231 562 2311 Videtur
583 2255 624 2310 ea
649 2233 729 2310 lues
753 2233 813 2310 seu
835 2230 1002 2312 reuixiffe
1021 2234 1083 2310 seu
1098 2232 1166 2310 du·

113 2346 194 2426 rane
217 2371 332 2448 usque
356 2346 402 2424 ad
424 2370 560 2424 annum
578 2347 666 2425 hinc
686 2361 878 2446 quartum,
902 2344 949 2423 V.
968 2343 1009 2423 C.
1034 2371 1106 2442 321
1129 2360 1166 2427 et

54 2521 56 2523 .
115 2463 241 2538 iterum
258 2458 305 2538 V.
324 2456 366 2536 C.
387 2484 466 2558 324
483 2458 672 2537 inualuiffe
687 2483 734 2535 ex
750 2459 915 2539 siccitate.
935 2466 982 2552 o)
999 2498 1056 2515 -·
1091 2458 1165 2539 Ite·

119 2597 244 2651 ruma.
275 2599 363 2671 342.
391 2573 619 2673 „pestilentia
647 2586 792 2664 coorta,
838 2577 1017 2665 minacior
1040 2587 1164 2653 tamen

122 2708 221 2785 quam
248 2686 504 2788 perniciosior,
537 2725 592 2740 -
622 2686 791 2764 defunoa
815 2690 962 2765 ciuitate
986 2686 1164 2786 plurimo-

125 2822 195 2877 rum
216 2804 373 2886 morbis,
410 2802 599 2900 perpaucis
626 2800 836 2890 funeribus,
860 2800 1087 2901 pestilentem
1100 2825 1164 2877 an-

54 2975 55 2983 .
126 2931 201 2991 num
221 2916 345 3014 inopia
373 2913 541 3013 frugum,
581 2912 749 3012 neglecto
773 2914 876 2992 cultu
897 2936 1089 3013 agrorum,
1125 2928 1167 2989 vt

54 3072 72 3152 ν)
129 3022 329 3128 plerumque
359 3027 419 3116 fit,
459 3029 606 3126 excepit
622 3023 677 3127 p)
700 3067 772 3117 -‚
809 3052 839 3104 a.
865 3048 976 3122 355„
1014 3025 1163 3125 insignis

54 3163 71 3228 ·;
131 3156 227 3220 annus
246 3142 367 3218 hieme
387 3140 507 3239 gelida
523 3162 565 3217 ac
579 3140 723 3230 niuosa,
751 3139 843 3218 adeo
859 3141 991 3216 vtviae
1013 3139 1163 3230 clausae,

68 3257 71 3330 i
131 3242 253 3332 Tiberis
279 3254 536 3352 innauigabilis
551 3251 654 3331 fieret
662 3279 674 3348 3
701 3255 836 3331 tristem
852 3254 1011 3330 hiemem
1026 3252 1099 3331 fine
1118 3275 1165 3330 ex

130 3357 323 3468 intemperie
348 3365 456 3456 caeli,
494 3369 625 3467 raptim
647 3370 850 3445 mutatione
874 3369 914 3442 in
937 3368 1164 3446 contrarium

128 3471 214 3573 iana,
249 3480 323 3558 fine
345 3479 414 3557 alia
430 3479 476 3556 de
491 3475 625 3570 cauffa,
651 3483 773 3580 grauis
787 3479 1031 3584 pestilensque
1047 3483 1165 3557 omni-

128 3582 182 3669 bus
202 3596 444 3672 animantibus
460 3593 567 3670 aestas
583 3598 752 3694 excepit„
768 3591 818 3699 q)
839 3593 1005 3696 Suspecta
1019 3595 1069 3673 est
1084 3619 1164 3672 om-

658 3705 746 3802 H3
1069 3711 1161 3786 nino

171 3865 204 3950 ι)
223 3863 293 3932 ιιι.
306 3863 369 3937 ιιι,
389 3880 440 3946 ³2.
454 3861 584 3948 unns.
602 3862 650 3940 x,
663 3830 718 3943 'n-

170 3977 221 4053 ιιι)
239 3974 307 4041 Lis.
324 3975 388 4051 lV,
413 3993 465 4044 ar.

168 4088 212 4166 ιι)
230 4064 290 4150 vid'.
307 4086 504 4169 Cbicoynean
522 4106 553 4170 p.
567 4089 618 4152 61.

172 4199 213 4279 o)
232 4218 262 4262 ι.
281 4196 347 4261 Lis.
363 4197 418 4273 IV,
442 4213 491 4276 ις.
513 4207 605 4273 et30.

168 4313 214 4393 p)
234 4308 299 4374 Lis.
316 4309 371 4385 lv,
390 4326 440 4386 52.

175 4402 218 4481 q)
238 4399 306 4462 Liv.
322 4398 362 4471 V,
382 4416 431 4476 13.
