710 1331
115 222 141 251 τε
311 232 452 246 —

115 281 146 297 tm
158 277 178 297 in
190 277 219 297 his
235 277 349 298 coloniarum
365 277 517 302 descriptionibus
526 276 608 297 Remini
617 280 650 297 aut

115 312 187 326 morem
202 306 274 331 sequuti
287 305 322 325 ess‘e
334 305 370 325 fine
387 305 474 329 confilio,
500 310 532 325 aut
546 306 650 327 confilium,

116 334 169 360 quod
185 334 217 354 vsu
232 338 251 354 ez
265 335 377 360 experientia
394 334 470 354 illorum
485 338 592 359 temporum
606 334 648 354 satis

116 363 195 383 obuium
208 366 227 382 et
237 363 257 382 in
265 366 341 388 promtu
349 362 383 382 effe
392 364 459 388 potuit.
488 362 589 383 Enimuero
598 363 650 382 fuere

116 391 180 418 plura,
200 397 247 417 quae
260 392 280 411 in
292 391 372 410 coloniis
386 391 517 411 constituendis
527 390 650 413 difficultates,

116 426 162 445 quas
170 420 230 439 nostra
239 423 287 439 aetas
294 419 356 442 sentit,
372 419 464 439 tollerent.
493 419 546 439 Nihil
556 420 606 439 enim
616 419 650 439 illo

116 451 201 473 tempore
214 448 237 467 de
249 451 330 467 mermtu
342 452 360 467 et
375 449 502 473 nauigatione,
522 454 620 473 operarum
631 450 650 467 et

117 482 179 496 terum
190 477 315 499 commerciis,
333 477 432 499 mercium,
449 482 508 502 opum
521 480 540 496 et
552 482 651 501 operarum

117 505 251 530 interceptione
263 508 282 524 et
291 505 413 530 occupatione
424 509 463 524 erat
469 505 589 524 statuendum.
619 503 651 523 Li-

118 533 183 553 berum
196 537 244 556 erat,
265 539 335 553 merces
346 537 408 558 petere
420 537 452 552 aut
466 534 547 555 mittere,
571 532 620 552 vnde
632 535 652 552 et

118 567 158 587 quo
169 562 248 586 quisque
261 561 326 585 veilet;
340 562 387 581 nihil
397 561 443 581 haec
451 562 494 587 reip.
505 562 528 581 ab
539 562 591 581 omni
599 567 651 580 com„

118 590 231 609 merciorum
243 590 274 609 vsu
288 590 358 610 alienae
371 591 482 614 intererant;
499 590 512 609 si
524 589 650 612 interfuiss'ent,

118 618 155 643 ipsa
167 624 196 637 res
208 618 305 641 docuiffet,
326 618 441 638 coloniarum
454 619 493 638 iura
503 619 522 637 in
537 618 565 637 his
575 624 652 643 quoque

119 645 270 666 circumscribere.
305 646 353 666 Nam
365 648 384 666 in
397 647 474 666 vtilitate
486 646 516 666 sua
527 646 652 672 perspicienda

119 679 171 694 acute
186 676 265 700 quisque
278 675 330 694 facile
342 675 403 699 videt3
421 676 533 695 mecutimus
545 675 583 694 fere
597 676 616 694 in
630 680 652 694 ea

117 709 162 723 cum
178 703 258 723 aliorum
272 704 348 723 vtilitate
362 704 385 722 ad
400 704 511 729 aequitatem
523 703 650 728 canipa-anda⁴

119 731 214 751 Numerus
227 732 339 751 colonorum
350 733 414 757 primis
422 732 497 751 saeculis
505 732 606 751 admodum
613 735 652 751 emt

119 761 198 785 exiguus
206 764 225 779 et
232 761 271 785 agri
278 761 341 785 iugera
348 766 405 786 pauca
414 760 489 785 singuiis
495 760 588 785 affignata:
596 760 651 779 huius

118 789 191 813 generis
201 788 284 808 colonias
291 789 310 807 in
318 789 407 814 obsequio
414 789 497 811 retinere,
503 795 542 808 non
550 789 596 808 adeo
605 787 653 807 diffi-

119 817 154 836 cile
160 816 195 836 esse
201 818 268 841 potuit,
274 817 357 842 inprimis
370 823 412 836 cum
423 817 470 836 intra
476 817 538 836 Italiae
547 817 644 836 fineshabe

119 849 183 865 rent-ur
193 851 263 865 omnes.
298 844 326 865 Ex
337 851 375 870 quo
386 851 428 865 vero
438 845 535 864 validiores
544 849 563 865 et
573 851 645 864 numer(

119 874 188 893 ciuium
202 877 221 893 et
232 874 317 899 iugerum
331 874 465 899 frequentiores
477 874 560 893 colonias
574 874 641 893 educer

119 902 198 927 placuit,
217 902 258 921 satis
272 902 335 921 firmae
346 903 382 922 iam
394 906 435 922 tum
445 906 497 921 erant
511 908 539 921 res
550 902 628 922 Roman*

118 929 168 950 Mox
183 930 259 950 Senatus
271 930 348 950 alienior
359 932 382 950 ab
396 931 432 950 hoc
446 931 528 950 instituto
541 930 597 950 visus:
616 936 622 949 ι

119 958 222 980 immerito,
240 965 278 978 non
288 960 336 978 enim
345 959 453 985 suppetebat
461 965 504 984 ager
512 960 530 977 in
540 958 590 978 italia
597 973 602 981 ‚
618 965 622 977 1

118 987 205 1012 publicus
215 993 236 1006 ac
244 987 344 1012 vessigalis:
357 994 395 1013 quo
405 994 437 1013 per
445 987 496 1012 leges
508 988 585 1012 agrarias
594 987 622 1007 Gr

119 1015 206 1035 chorum.
221 1015 285 1038 Drusi,
301 1015 388 1038 Caesaris,
402 1022 457 1040 remp.
468 1017 535 1041 priuari
544 1022 597 1041 aegre
605 1016 620 1035 f«

120 1043 155 1062 bat.
185 1043 240 1063 Extra
259 1044 330 1063 Italiam
344 1045 427 1063 colonias
443 1044 542 1067 deducere,
562 1044 575 1063 fi
588 1044 608 1063 A«

119 1072 190 1091 Sextias
206 1071 243 1096 (V.
252 1071 273 1091 C.
283 1073 340 1097 629.)
354 1077 373 1092 ct
385 1072 491 1091 Narbonem
507 1073 598 1092 Marcium

120 1099 141 1119 C.
151 1100 207 1124 635.)
220 1101 308 1125 excipias.
329 1101 433 1120 consultum
446 1100 495 1120 haud
508 1101 574 1125 visum3
588 1106 603 1120 e:

119 1128 153 1153 plo
165 1128 290 1153 Carthaginis,
310 1129 436 1154 Syracusarum
453 1132 471 1148 et
484 1129 561 1148 aliarum
576 1135 593 1147 w

116 1156 187 1182 ¹discere
196 1156 216 1176 in
229 1160 305 1182 promtu
314 1158 361 1180 erat.
373 1158 457 1183 putentia
464 1160 483 1177 et
493 1158 560 1183 opibus
568 1163 584 1177 ci
