2496 4936
471 660 756 727 *-
1098 675 1155 753 49

48 845 200 945 uaginis
242 843 393 920 verius
431 840 719 941 septentrionem
746 859 1025 944 procurrentem
1054 847 1153 931 illud

56 961 224 1064 spectum
258 959 372 1033 vltra
389 954 498 1056 quod
514 955 633 1033 versus
650 958 832 1065 orientem
841 955 1030 1061 Byzacena
1043 967 1150 1062 regio

60 1083 266 1176 ncampos
285 1068 538 1148 ferriiiiimos
551 1072 707 1171 patebat
763 1069 818 1149 Vt
831 1075 877 1150 ab
895 1073 1030 1155 horum
1043 1077 1150 1157 loco·

35 1245 38 1250 -
65 1184 754 1271 runadituRomanosiuterdicerent.
766 1185 902 1273 caussae
915 1188 983 1266 else
993 1203 1149 1290 potuere

71 1307 196 1409 plures:
247 1304 363 1379 forte
389 1298 574 1376 sociorum
599 1298 710 1376 fidem
733 1298 920 1379 habebant
939 1303 1148 1404 suspectam,

77 1444 223 1522 quorum
253 1418 415 1492 animos
440 1415 587 1490 auaritia
616 1409 968 1513 Carthaginiensium
998 1418 1151 1518 publica

81 1535 311 1634 etpriuatim
339 1527 480 1626 saepea
499 1549 574 1627 rep.
598 1527 834 1622 abalienauit3
861 1554 968 1609 vnam
986 1533 1061 1633 ipse
1076 1530 1150 1614 Po·

83 1650 186 1750 lybios
204 1655 403 1722 memorat
416 1637 586 1718 caussam:
612 1665 660 1716 ne
676 1643 952 1722 ubertatemsoli
968 1645 1148 1729 summam

85 1761 348 1862 cognoscerent
368 1749 422 1855 r).
489 1752 543 1831 lta
566 1779 653 1833 vero
679 1779 747 1831 nec
768 1759 890 1835 minus
916 1761 1085 1840 coloniae
1103 1787 1148 1845 ac

88 1878 157 1955 lorii
170 1872 318 1951 exclusi
339 1870 442 1946 firere
460 1894 480 1946 a
497 1872 725 1946 commerciis
745 1893 830 1948 curn
846 1877 1005 1951 externis
1024 1899 1148 1977 popu.

62 1977 69 2024 ²
90 1989 140 2080 lis,
165 2005 203 2066 et
219 1982 413 2064 necessitas
425 1987 469 2060 iis
485 1981 669 2084 imposita,
697 1997 737 2059 vt
751 2007 772 2059 a
787 1985 873 2062 solis
894 1982 1026 2063 Poenis
1046 2013 1146 2069 enre-

89 2564 177 2640 citati
190 2556 346 2638 adscribi
361 2553 489 2654 potest

90 2121 174 2188 rent,
212 2117 336 2200 utque
360 2095 492 2174 Poenis
509 2097 593 2173 solis
608 2099 666 2172 ius
687 2094 773 2173 esset
789 2114 992 2176 mercatum
1007 2125 1072 2200 per
1088 2103 1148 2182 so.

69 2238 72 2247 ·
89 2221 216 2296 dorum
235 2216 348 2290 vrbes
365 2210 534 2288 habendi.
594 2207 697 2287 Adeo
714 2235 783 2288 nec
799 2212 970 2310 sagacitas
986 2215 1074 2303 illa,
1104 2221 1146 2297 in

90 2332 282 2411 necessitate
311 2325 524 2402 huiusmodi
551 2339 730 2401 mercatus
759 2326 917 2404 coloniis
945 2343 1008 2404 aut
1038 2329 1143 2411 sociis

91 2442 348 2524 denuntianda.
379 2441 626 2522 recentiorum
643 2438 793 2518 demum
809 2443 1046 2542 ingeniorum
1062 2445 1144 2524 seli.

1025 2671 1144 2756 Porro

190 2861 256 2927 clo.
278 2854 385 2945 paffiu
402 2855 442 2922 nb
463 2854 535 2921 vrbe
560 2851 709 2938 lubebat3
743 2857 895 2924 translata
916 2878 938 2926 a
961 2864 1058 2939 mae,
1090 2863 1142 2932 ubl

212 2965 303 3010 aucas
323 2943 386 3007 dies
399 2942 514 3028 statiua
532 2939 687 3004 conirrnliu
706 2940 783 3026 cluffi
798 2943 938 3024 suerunt.
989 2947 1143 3012 Omiserat

186 2969 299 3095 {iuius
317 3046 460 3094 monere.
480 3026 657 3107 Scipionem
674 3027 861 3088 excercitum
878 3026 995 3093 duxill'e
1009 3031 1144 3099 terrestri

188 3115 303 3179 itinere
322 3130 376 3191 per
399 3110 530 3171 mediam
552 3122 663 3170 terram
681 3108 725 3172 ita
743 3121 775 3172 vt
790 3109 1007 3192 Carthaginem
1021 3134 1038 3176 a
1052 3127 1143 3197 tergo

55 3238 56 3247 .
189 3195 385 3266 circumiret,
409 3190 497 3255 clalse
514 3192 629 3254 interea
645 3203 766 3274 praeter
777 3195 906 3255 eandem
921 3197 1025 3258 vrbem
1041 3197 1139 3263 vesta.

49 4177 55 4220 l

190 3279 353 3360 Appianas
370 3297 401 3358 p.
420 3293 468 3354 13.
490 3274 564 3340 Tull.
582 3276 681 3338 multo
698 3276 801 3338 minue
818 3274 970 3339 subtiliter
985 3279 1017 3341 in
1032 3278 1081 3343 hia
1097 3282 1142 3348 est

190 3363 335 3426 versatus.
381 3358 487 3440 Nuper
500 3360 632 3422 vidimus
651 3356 854 3422 dollill‘rmum
867 3358 1025 3424 austeram
1044 3363 1143 3428 libelli

190 3448 228 3508 de
244 3443 433 3506 coloniarum
449 3453 587 3505 veterum
603 3443 782 3505 conditione
795 3441 848 3520 (ale
861 3441 960 3506 sElut
972 3453 1001 3507 el
1013 3444 1054 3510 du
1065 3446 1142 3515 Sors

189 3528 241 3594 aes
250 3527 383 3593 Coloniae
394 3525 447 3592 iles
461 3545 525 3589 unc.
538 3525 666 3608 Peupler
680 3546 710 3608 p.
722 3527 793 3606 38.)
804 3526 1052 3594 Promontorr'rrm
1062 3531 1141 3597 Pul·

188 3610 294 3679 clnum
316 3610 347 3672 in
364 3610 463 3674 Porto
482 3610 596 3675 Farina
608 3629 773 3692 quaerere.
796 3611 849 3692 qui
866 3624 972 3690 portus
991 3613 1141 3678 Promoti.

187 3699 270 3761 torio
294 3691 390 3760 Zilia
409 3697 430 3758 s.
445 3693 600 3775 Apollinis
623 3691 775 3755 subicitur
793 3691 846 3756 est.
889 3692 1062 3759 Enimuero
1077 3699 1140 3764 hoc

188 3776 343 3864 Apollinis
372 3780 473 3841 l’rom.
501 3779 537 3838 ab
564 3776 726 3839 occidente
747 3775 941 3856 Carthaginis
967 3776 1042 3847 esse,
1075 3801 1140 3844 non

187 3885 289 3943 magra
309 3861 442 3924 dubitari
459 3859 576 3940 potest,
606 3879 697 3944 quarn
719 3859 756 3922 ab
773 3859 895 3920 oriente
911 3857 970 3923 effe
990 3859 1140 3930 Mercurii

187 3946 283 4016 illud.
311 3947 394 4026 quod
412 3944 513 4018 paullo
527 3954 598 4005 ante
614 3943 760 4006 diximus.
805 3941 949 4006 Ceterum
967 3964 1037 4008 cnm
1055 3950 1140 4027 apnrl

184 4029 311 4096 Liuium
327 4024 455 4092 Pulchri
470 4026 718 4090 promontorium
735 4023 787 4099 lit,
808 4024 1001 4107 suspicamur,
1021 4049 1138 4098 nomen

185 4114 224 4177 ab
238 4114 341 4195 Appio
353 4111 486 4176 Pulchro
499 4109 626 4176 dullum
640 4107 718 4184 esse,
738 4108 793 4195 qui
807 4107 889 4172 sorte
902 4109 945 4176 ibi
960 4130 1031 4176 cum
1047 4112 1137 4180 claffo

49 4221 52 4275 1
185 4197 299 4262 luerat.

117 4309 151 4392 r)
170 4304 359 4390 Polynic.
376 4325 403 4366 c.
424 4320 475 4387 41.
499 4301 547 4367 lui
568 4302 604 4367 ra*
622 4303 665 4387 pp*
686 4300 854 4384 pataream
868 4302 1018 4377 γινώσκειν
1031 4304 1139 4380 adratis

185 4390 225 4462 ὥς
245 4390 309 4465 spol
325 4389 427 4457 δοκεῖ,
448 4385 524 4463 μήτε
542 4386 701 4456 restaurai
718 4386 772 4461 τήν
790 4386 955 4469 ueratro,
980 4388 1057 4473 μήτε
1069 4393 1139 4460 reric

116 4499 225 4590 thnli
236 4499 344 4588 Opust.
362 4496 449 4569 acad·
465 4495 533 4568 Vol.
544 4497 615 4566 iil.
661 4597 667 4618 1
726 4475 768 4558 D
1056 4473 1137 4540 aare
1169 4460 1174 4471 ’
