<?xml version="1.0" encoding="UTF-8"?>
<!DOCTYPE html PUBLIC "-//W3C//DTD XHTML 1.0 Transitional//EN"
    "http://www.w3.org/TR/xhtml1/DTD/xhtml1-transitional.dtd">
<html xmlns="http://www.w3.org/1999/xhtml" xml:lang="en" lang="en">
 <head>
  <title>
</title>
<meta http-equiv="Content-Type" content="text/html;charset=utf-8" />
  <meta name='ocr-system' content='tesseract 3.04.00' />
  <meta name='ocr-capabilities' content='ocr_page ocr_carea ocr_par ocr_line ocrx_word'/>
</head>
<body>
  <div class='ocr_page' id='page_1' title='image "./chrgheyniiprofe00heyngoog_0292.png"; bbox 0 0 710 1331; ppageno 0'>
   <div class='ocr_carea' id='block_1_1' title="bbox 56 276 609 1151">
    <p class='ocr_par' dir='ltr' id='par_1_1' title="bbox 56 276 609 1151">
     <span class='ocr_line' id='line_1_1' title="bbox 69 276 609 301; baseline 0 -6"><span class='ocrx_word' id='word_1_1' title='bbox 69 276 112 295; x_wconf 81' lang='lat' dir='ltr'>illae</span> <span class='ocrx_word' id='word_1_2' title='bbox 127 276 209 301; x_wconf 80' lang='lat' dir='ltr'>poss&#39;ent;</span> <span class='ocrx_word' id='word_1_3' title='bbox 232 282 289 301; x_wconf 82' lang='lat' dir='ltr'>quam</span> <span class='ocrx_word' id='word_1_4' title='bbox 303 276 326 296; x_wconf 78' lang='lat' dir='ltr'>ad</span> <span class='ocrx_word' id='word_1_5' title='bbox 340 282 389 296; x_wconf 81' lang='lat' dir='ltr'>arma</span> <span class='ocrx_word' id='word_1_6' title='bbox 404 276 493 296; x_wconf 79' lang='lat' dir='ltr'>Romanis</span> <span class='ocrx_word' id='word_1_7' title='bbox 508 276 609 299; x_wconf 81' lang='lat' dir='ltr'>inferenda,</span> 
     </span>
     <span class='ocr_line' id='line_1_2' title="bbox 69 304 609 330; baseline -0.002 -6"><span class='ocrx_word' id='word_1_8' title='bbox 69 309 89 323; x_wconf 86' lang='lat' dir='ltr'>vt</span> <span class='ocrx_word' id='word_1_9' title='bbox 108 304 142 330; x_wconf 78' lang='lat' dir='ltr'>ipfi</span> <span class='ocrx_word' id='word_1_10' title='bbox 155 306 219 330; x_wconf 78' lang='lat' dir='ltr'>potius</span> <span class='ocrx_word' id='word_1_11' title='bbox 233 305 318 324; x_wconf 75' lang='lat' dir='ltr'>fortunae</span> <span class='ocrx_word' id='word_1_12' title='bbox 336 305 394 324; x_wconf 74' lang='lat' dir='ltr'>aleam</span> <span class='ocrx_word' id='word_1_13' title='bbox 411 305 538 330; x_wconf 79' lang='lat' dir='ltr'>experirentur</span> <span class='ocrx_word' id='word_1_14' title='bbox 554 308 572 323; x_wconf 85' lang='lat' dir='ltr'>et</span> <span class='ocrx_word' id='word_1_15' title='bbox 589 306 609 324; x_wconf 87' lang='lat' dir='ltr'>in</span> 
     </span>
     <span class='ocr_line' id='line_1_3' title="bbox 69 332 606 358; baseline -0.002 -6"><span class='ocrx_word' id='word_1_16' title='bbox 69 333 114 352; x_wconf 84' lang='lat' dir='ltr'>beili</span> <span class='ocrx_word' id='word_1_17' title='bbox 131 333 191 353; x_wconf 72' lang='lat' dir='ltr'>casum</span> <span class='ocrx_word' id='word_1_18' title='bbox 210 333 227 352; x_wconf 86' lang='lat' dir='ltr'>se</span> <span class='ocrx_word' id='word_1_19' title='bbox 241 334 389 357; x_wconf 85' lang='lat' dir='ltr'>committerent;</span> <span class='ocrx_word' id='word_1_20' title='bbox 408 333 428 352; x_wconf 93' lang='lat' dir='ltr'>id</span> <span class='ocrx_word' id='word_1_21' title='bbox 442 333 494 358; x_wconf 88' lang='lat' dir='ltr'>quod</span> <span class='ocrx_word' id='word_1_22' title='bbox 508 332 606 355; x_wconf 76' lang='lat' dir='ltr'>lubricum,</span> 
     </span>
     <span class='ocr_line' id='line_1_4' title="bbox 69 361 606 386; baseline -0.002 -6"><span class='ocrx_word' id='word_1_23' title='bbox 69 361 181 386; x_wconf 80' lang='lat' dir='ltr'>plerumque</span> <span class='ocrx_word' id='word_1_24' title='bbox 195 362 291 381; x_wconf 83' lang='lat' dir='ltr'>exitiosum</span> <span class='ocrx_word' id='word_1_25' title='bbox 303 362 343 381; x_wconf 81' lang='lat' dir='ltr'>fuit.</span> <span class='ocrx_word' id='word_1_26' title='bbox 378 361 498 381; x_wconf 76' lang='lat' dir='ltr'>Conuentum</span> <span class='ocrx_word' id='word_1_27' title='bbox 512 366 569 386; x_wconf 85' lang='lat' dir='ltr'>porro</span> <span class='ocrx_word' id='word_1_28' title='bbox 581 361 606 380; x_wconf 83' lang='lat' dir='ltr'>est</span> 
     </span>
     <span class='ocr_line' id='line_1_5' title="bbox 68 387 606 415; baseline -0.004 -6"><span class='ocrx_word' id='word_1_29' title='bbox 68 390 87 408; x_wconf 89' lang='lat' dir='ltr'>in</span> <span class='ocrx_word' id='word_1_30' title='bbox 104 390 170 409; x_wconf 76' lang='lat' dir='ltr'>foedus</span> <span class='ocrx_word' id='word_1_31' title='bbox 186 390 297 415; x_wconf 79' lang='lat' dir='ltr'>plerumque</span> <span class='ocrx_word' id='word_1_32' title='bbox 313 396 378 415; x_wconf 83' lang='lat' dir='ltr'>parurn</span> <span class='ocrx_word' id='word_1_33' title='bbox 390 390 506 415; x_wconf 76' lang='lat' dir='ltr'>tempestiue,</span> <span class='ocrx_word' id='word_1_34' title='bbox 530 393 548 408; x_wconf 85' lang='lat' dir='ltr'>et</span> <span class='ocrx_word' id='word_1_35' title='bbox 560 387 606 408; x_wconf 84' lang='lat' dir='ltr'>te&#39;m-</span> 
     </span>
     <span class='ocr_line' id='line_1_6' title="bbox 68 418 605 443; baseline 0 -6"><span class='ocrx_word' id='word_1_36' title='bbox 68 423 115 442; x_wconf 82' lang='lat' dir='ltr'>pore</span> <span class='ocrx_word' id='word_1_37' title='bbox 125 418 196 440; x_wconf 82' lang='lat' dir='ltr'>alieno,</span> <span class='ocrx_word' id='word_1_38' title='bbox 216 418 267 438; x_wconf 85' lang='lat' dir='ltr'>hoste</span> <span class='ocrx_word' id='word_1_39' title='bbox 279 420 315 438; x_wconf 81' lang='lat' dir='ltr'>iarn</span> <span class='ocrx_word' id='word_1_40' title='bbox 328 418 368 437; x_wconf 81' lang='lat' dir='ltr'>satis</span> <span class='ocrx_word' id='word_1_41' title='bbox 380 422 444 443; x_wconf 80' lang='lat' dir='ltr'>parato</span> <span class='ocrx_word' id='word_1_42' title='bbox 453 418 554 442; x_wconf 84' lang='lat' dir='ltr'>validisque</span> <span class='ocrx_word' id='word_1_43' title='bbox 563 418 605 437; x_wconf 84' lang='lat' dir='ltr'>viri-</span> 
     </span>
     <span class='ocr_line' id='line_1_7' title="bbox 67 446 605 472; baseline 0.002 -7"><span class='ocrx_word' id='word_1_44' title='bbox 67 446 102 465; x_wconf 80' lang='lat' dir='ltr'>bus</span> <span class='ocrx_word' id='word_1_45' title='bbox 116 446 212 470; x_wconf 65' lang='lat' dir='ltr'>instrudo3</span> <span class='ocrx_word' id='word_1_46' title='bbox 231 446 347 466; x_wconf 63' lang='lat' dir='ltr'>eunstatione</span> <span class='ocrx_word' id='word_1_47' title='bbox 362 452 439 472; x_wconf 85' lang='lat' dir='ltr'>quoque</span> <span class='ocrx_word' id='word_1_48' title='bbox 451 446 568 466; x_wconf 86' lang='lat' dir='ltr'>consumtum</span> <span class='ocrx_word' id='word_1_49' title='bbox 579 446 605 466; x_wconf 82' lang='lat' dir='ltr'>est</span> 
     </span>
     <span class='ocr_line' id='line_1_8' title="bbox 67 475 604 499; baseline -0.002 -5"><span class='ocrx_word' id='word_1_50' title='bbox 67 478 151 499; x_wconf 83' lang='lat' dir='ltr'>tempus,</span> <span class='ocrx_word' id='word_1_51' title='bbox 168 479 188 493; x_wconf 83' lang='lat' dir='ltr'>vt</span> <span class='ocrx_word' id='word_1_52' title='bbox 199 480 238 494; x_wconf 89' lang='lat' dir='ltr'>non</span> <span class='ocrx_word' id='word_1_53' title='bbox 251 475 283 494; x_wconf 77' lang='lat' dir='ltr'>nisi</span> <span class='ocrx_word' id='word_1_54' title='bbox 291 475 331 494; x_wconf 84' lang='lat' dir='ltr'>sero</span> <span class='ocrx_word' id='word_1_55' title='bbox 341 476 360 494; x_wconf 91' lang='lat' dir='ltr'>in</span> <span class='ocrx_word' id='word_1_56' title='bbox 369 479 425 494; x_wconf 75' lang='lat' dir='ltr'>certas</span> <span class='ocrx_word' id='word_1_57' title='bbox 433 475 550 494; x_wconf 73' lang='lat' dir='ltr'>conditiones</span> <span class='ocrx_word' id='word_1_58' title='bbox 558 480 604 493; x_wconf 87' lang='lat' dir='ltr'>con-</span> 
     </span>
     <span class='ocr_line' id='line_1_9' title="bbox 66 502 604 529; baseline -0.002 -7"><span class='ocrx_word' id='word_1_59' title='bbox 66 502 164 525; x_wconf 83' lang='lat' dir='ltr'>sentirent.</span> <span class='ocrx_word' id='word_1_60' title='bbox 189 507 231 525; x_wconf 83' lang='lat' dir='ltr'>aut,</span> <span class='ocrx_word' id='word_1_61' title='bbox 253 509 301 529; x_wconf 82' lang='lat' dir='ltr'>quae</span> <span class='ocrx_word' id='word_1_62' title='bbox 316 504 338 522; x_wconf 82' lang='lat' dir='ltr'>ad</span> <span class='ocrx_word' id='word_1_63' title='bbox 354 504 424 523; x_wconf 75' lang='lat' dir='ltr'>bellum</span> <span class='ocrx_word' id='word_1_64' title='bbox 438 502 545 525; x_wconf 75' lang='lat' dir='ltr'>necessaria.</span> <span class='ocrx_word' id='word_1_65' title='bbox 563 503 604 522; x_wconf 73' lang='lat' dir='ltr'>satis</span> 
     </span>
     <span class='ocr_line' id='line_1_10' title="bbox 65 531 603 557; baseline 0 -7"><span class='ocrx_word' id='word_1_66' title='bbox 65 531 138 557; x_wconf 79' lang='lat' dir='ltr'>prouisa</span> <span class='ocrx_word' id='word_1_67' title='bbox 149 531 248 554; x_wconf 76' lang='lat' dir='ltr'>haberent,</span> <span class='ocrx_word' id='word_1_68' title='bbox 267 535 299 551; x_wconf 78' lang='lat' dir='ltr'>aut</span> <span class='ocrx_word' id='word_1_69' title='bbox 310 532 332 551; x_wconf 82' lang='lat' dir='ltr'>ad</span> <span class='ocrx_word' id='word_1_70' title='bbox 345 533 411 551; x_wconf 72' lang='lat' dir='ltr'>iustum</span> <span class='ocrx_word' id='word_1_71' title='bbox 424 532 473 550; x_wconf 81' lang='lat' dir='ltr'>diem</span> <span class='ocrx_word' id='word_1_72' title='bbox 484 532 546 556; x_wconf 72' lang='lat' dir='ltr'>copias</span> <span class='ocrx_word' id='word_1_73' title='bbox 556 531 603 555; x_wconf 77' lang='lat' dir='ltr'>edu-</span> 
     </span>
     <span class='ocr_line' id='line_1_11' title="bbox 65 559 603 584; baseline 0 -5"><span class='ocrx_word' id='word_1_74' title='bbox 65 563 138 583; x_wconf 81' lang='lat' dir='ltr'>cerent3</span> <span class='ocrx_word' id='word_1_75' title='bbox 165 565 204 584; x_wconf 88' lang='lat' dir='ltr'>quo</span> <span class='ocrx_word' id='word_1_76' title='bbox 216 560 293 581; x_wconf 65' lang='lat' dir='ltr'>sacrum,</span> <span class='ocrx_word' id='word_1_77' title='bbox 313 561 404 579; x_wconf 81' lang='lat' dir='ltr'>vtinterea</span> <span class='ocrx_word' id='word_1_78' title='bbox 416 559 486 579; x_wconf 77' lang='lat' dir='ltr'>Romae</span> <span class='ocrx_word' id='word_1_79' title='bbox 497 559 603 584; x_wconf 78' lang='lat' dir='ltr'>compositis</span> 
     </span>
     <span class='ocr_line' id='line_1_12' title="bbox 64 587 601 613; baseline -0.002 -6"><span class='ocrx_word' id='word_1_80' title='bbox 64 591 139 613; x_wconf 71' lang='lat' dir='ltr'>patrum</span> <span class='ocrx_word' id='word_1_81' title='bbox 155 592 174 607; x_wconf 82' lang='lat' dir='ltr'>et</span> <span class='ocrx_word' id='word_1_82' title='bbox 190 588 249 612; x_wconf 83' lang='lat' dir='ltr'>plebis</span> <span class='ocrx_word' id='word_1_83' title='bbox 265 587 339 607; x_wconf 79' lang='lat' dir='ltr'>dissidiis</span> <span class='ocrx_word' id='word_1_84' title='bbox 354 589 374 607; x_wconf 92' lang='lat' dir='ltr'>in</span> <span class='ocrx_word' id='word_1_85' title='bbox 391 592 466 607; x_wconf 78' lang='lat' dir='ltr'>externa</span> <span class='ocrx_word' id='word_1_86' title='bbox 481 588 523 607; x_wconf 78' lang='lat' dir='ltr'>odia</span> <span class='ocrx_word' id='word_1_87' title='bbox 535 591 554 606; x_wconf 81' lang='lat' dir='ltr'>et</span> <span class='ocrx_word' id='word_1_88' title='bbox 565 588 601 607; x_wconf 78' lang='lat' dir='ltr'>iras</span> 
     </span>
     <span class='ocr_line' id='line_1_13' title="bbox 64 615 602 636; baseline -0.002 -1"><span class='ocrx_word' id='word_1_89' title='bbox 64 616 122 635; x_wconf 77' lang='lat' dir='ltr'>animi</span> <span class='ocrx_word' id='word_1_90' title='bbox 141 616 282 635; x_wconf 80' lang='lat' dir='ltr'>exardescerent.</span> <span class='ocrx_word' id='word_1_91' title='bbox 318 616 346 635; x_wconf 75' lang='lat' dir='ltr'>lta</span> <span class='ocrx_word' id='word_1_92' title='bbox 362 616 479 636; x_wconf 79' lang='lat' dir='ltr'>Decemuiris</span> <span class='ocrx_word' id='word_1_93' title='bbox 492 616 555 635; x_wconf 78' lang='lat' dir='ltr'>diuina</span> <span class='ocrx_word' id='word_1_94' title='bbox 567 615 602 634; x_wconf 91' lang='lat' dir='ltr'>hu-</span> 
     </span>
     <span class='ocr_line' id='line_1_14' title="bbox 63 643 601 670; baseline -0.002 -7"><span class='ocrx_word' id='word_1_95' title='bbox 63 649 157 669; x_wconf 80' lang='lat' dir='ltr'>manaque</span> <span class='ocrx_word' id='word_1_96' title='bbox 169 644 286 664; x_wconf 79' lang='lat' dir='ltr'>miscentibus</span> <span class='ocrx_word' id='word_1_97' title='bbox 297 644 357 670; x_wconf 76' lang='lat' dir='ltr'>Aequi</span> <span class='ocrx_word' id='word_1_98' title='bbox 371 648 390 664; x_wconf 86' lang='lat' dir='ltr'>et</span> <span class='ocrx_word' id='word_1_99' title='bbox 401 644 474 667; x_wconf 78' lang='lat' dir='ltr'>Volsci,</span> <span class='ocrx_word' id='word_1_100' title='bbox 494 647 534 663; x_wconf 80' lang='lat' dir='ltr'>tum</span> <span class='ocrx_word' id='word_1_101' title='bbox 545 643 601 663; x_wconf 72' lang='lat' dir='ltr'>altera</span> 
     </span>
     <span class='ocr_line' id='line_1_15' title="bbox 63 672 601 698; baseline -0.002 -6"><span class='ocrx_word' id='word_1_102' title='bbox 63 676 115 698; x_wconf 81' lang='lat' dir='ltr'>parte</span> <span class='ocrx_word' id='word_1_103' title='bbox 129 672 201 695; x_wconf 82' lang='lat' dir='ltr'>Sabini,</span> <span class='ocrx_word' id='word_1_104' title='bbox 216 672 312 693; x_wconf 82' lang='lat' dir='ltr'>Romanos</span> <span class='ocrx_word' id='word_1_105' title='bbox 325 673 410 698; x_wconf 77' lang='lat' dir='ltr'>aggreffi,</span> <span class='ocrx_word' id='word_1_106' title='bbox 428 679 493 698; x_wconf 83' lang='lat' dir='ltr'>parum</span> <span class='ocrx_word' id='word_1_107' title='bbox 505 672 601 698; x_wconf 81' lang='lat' dir='ltr'>prudenti-</span> 
     </span>
     <span class='ocr_line' id='line_1_16' title="bbox 63 701 601 727; baseline -0.002 -7"><span class='ocrx_word' id='word_1_108' title='bbox 63 702 99 720; x_wconf 82' lang='lat' dir='ltr'>bus</span> <span class='ocrx_word' id='word_1_109' title='bbox 114 701 193 721; x_wconf 78' lang='lat' dir='ltr'>consiliis</span> <span class='ocrx_word' id='word_1_110' title='bbox 206 701 239 723; x_wconf 85' lang='lat' dir='ltr'>vfi,</span> <span class='ocrx_word' id='word_1_111' title='bbox 262 707 322 721; x_wconf 81' lang='lat' dir='ltr'>rerum</span> <span class='ocrx_word' id='word_1_112' title='bbox 336 702 458 727; x_wconf 68' lang='lat' dir='ltr'>gerendarum</span> <span class='ocrx_word' id='word_1_113' title='bbox 471 701 601 726; x_wconf 83' lang='lat' dir='ltr'>opportunita-</span> 
     </span>
     <span class='ocr_line' id='line_1_17' title="bbox 63 728 600 755; baseline 0 -7"><span class='ocrx_word' id='word_1_114' title='bbox 63 732 101 748; x_wconf 83' lang='lat' dir='ltr'>tem</span> <span class='ocrx_word' id='word_1_115' title='bbox 115 730 200 749; x_wconf 79' lang='lat' dir='ltr'>manibus</span> <span class='ocrx_word' id='word_1_116' title='bbox 212 730 323 749; x_wconf 84' lang='lat' dir='ltr'>dimiserunt.</span> <span class='ocrx_word' id='word_1_117' title='bbox 353 730 448 749; x_wconf 77' lang='lat' dir='ltr'>Interdum</span> <span class='ocrx_word' id='word_1_118' title='bbox 457 729 528 755; x_wconf 83' lang='lat' dir='ltr'>populi,</span> <span class='ocrx_word' id='word_1_119' title='bbox 543 728 600 748; x_wconf 72' lang='lat' dir='ltr'>iuneti</span> 
     </span>
     <span class='ocr_line' id='line_1_18' title="bbox 62 757 599 783; baseline -0.002 -6"><span class='ocrx_word' id='word_1_120' title='bbox 62 758 148 778; x_wconf 80' lang='lat' dir='ltr'>societate</span> <span class='ocrx_word' id='word_1_121' title='bbox 158 763 201 777; x_wconf 87' lang='lat' dir='ltr'>cum</span> <span class='ocrx_word' id='word_1_122' title='bbox 208 757 303 780; x_wconf 75' lang='lat' dir='ltr'>Romanis,</span> <span class='ocrx_word' id='word_1_123' title='bbox 317 758 394 781; x_wconf 78' lang='lat' dir='ltr'>foedus,</span> <span class='ocrx_word' id='word_1_124' title='bbox 414 758 465 783; x_wconf 85' lang='lat' dir='ltr'>quod</span> <span class='ocrx_word' id='word_1_125' title='bbox 480 757 512 783; x_wconf 83' lang='lat' dir='ltr'>ipsi</span> <span class='ocrx_word' id='word_1_126' title='bbox 521 758 599 782; x_wconf 79' lang='lat' dir='ltr'>abrupe-</span> 
     </span>
     <span class='ocr_line' id='line_1_19' title="bbox 62 786 599 811; baseline -0.002 -6"><span class='ocrx_word' id='word_1_127' title='bbox 62 789 113 808; x_wconf 80' lang='lat' dir='ltr'>rant,</span> <span class='ocrx_word' id='word_1_128' title='bbox 136 787 155 805; x_wconf 90' lang='lat' dir='ltr'>in</span> <span class='ocrx_word' id='word_1_129' title='bbox 171 787 234 806; x_wconf 87' lang='lat' dir='ltr'>medio</span> <span class='ocrx_word' id='word_1_130' title='bbox 249 787 351 806; x_wconf 84' lang='lat' dir='ltr'>discrimine</span> <span class='ocrx_word' id='word_1_131' title='bbox 360 787 474 811; x_wconf 78' lang='lat' dir='ltr'>poenitentia</span> <span class='ocrx_word' id='word_1_132' title='bbox 486 786 535 805; x_wconf 78' lang='lat' dir='ltr'>duffl</span> <span class='ocrx_word' id='word_1_133' title='bbox 547 791 599 810; x_wconf 83' lang='lat' dir='ltr'>repe-</span> 
     </span>
     <span class='ocr_line' id='line_1_20' title="bbox 62 813 598 840; baseline -0.002 -7"><span class='ocrx_word' id='word_1_134' title='bbox 62 815 142 836; x_wconf 81' lang='lat' dir='ltr'>tierunt,</span> <span class='ocrx_word' id='word_1_135' title='bbox 165 818 197 833; x_wconf 78' lang='lat' dir='ltr'>aut</span> <span class='ocrx_word' id='word_1_136' title='bbox 209 815 310 839; x_wconf 84' lang='lat' dir='ltr'>recipiendi</span> <span class='ocrx_word' id='word_1_137' title='bbox 325 815 364 834; x_wconf 66' lang='lat' dir='ltr'>eius</span> <span class='ocrx_word' id='word_1_138' title='bbox 379 815 410 840; x_wconf 83' lang='lat' dir='ltr'>spe</span> <span class='ocrx_word' id='word_1_139' title='bbox 423 814 481 834; x_wconf 80' lang='lat' dir='ltr'>delusi</span> <span class='ocrx_word' id='word_1_140' title='bbox 495 814 554 833; x_wconf 84' lang='lat' dir='ltr'>socios</span> <span class='ocrx_word' id='word_1_141' title='bbox 566 813 598 832; x_wconf 91' lang='lat' dir='ltr'>de-</span> 
     </span>
     <span class='ocr_line' id='line_1_21' title="bbox 60 842 596 868; baseline 0 -7"><span class='ocrx_word' id='word_1_142' title='bbox 60 843 169 864; x_wconf 79' lang='lat' dir='ltr'>stituerunt,</span> <span class='ocrx_word' id='word_1_143' title='bbox 191 846 211 861; x_wconf 83' lang='lat' dir='ltr'>et</span> <span class='ocrx_word' id='word_1_144' title='bbox 223 842 255 867; x_wconf 80' lang='lat' dir='ltr'>ipsi</span> <span class='ocrx_word' id='word_1_145' title='bbox 268 843 321 862; x_wconf 72' lang='lat' dir='ltr'>otiosi</span> <span class='ocrx_word' id='word_1_146' title='bbox 333 846 352 862; x_wconf 83' lang='lat' dir='ltr'>et</span> <span class='ocrx_word' id='word_1_147' title='bbox 367 843 430 868; x_wconf 81' lang='lat' dir='ltr'>segnes</span> <span class='ocrx_word' id='word_1_148' title='bbox 443 842 500 861; x_wconf 75' lang='lat' dir='ltr'>studia</span> <span class='ocrx_word' id='word_1_149' title='bbox 511 842 596 863; x_wconf 79' lang='lat' dir='ltr'>aliorum.</span> 
     </span>
     <span class='ocr_line' id='line_1_22' title="bbox 62 869 598 896; baseline -0.002 -6"><span class='ocrx_word' id='word_1_150' title='bbox 62 877 101 896; x_wconf 85' lang='lat' dir='ltr'>quo</span> <span class='ocrx_word' id='word_1_151' title='bbox 115 871 177 890; x_wconf 86' lang='lat' dir='ltr'>minus</span> <span class='ocrx_word' id='word_1_152' title='bbox 189 871 281 890; x_wconf 79' lang='lat' dir='ltr'>alacritate</span> <span class='ocrx_word' id='word_1_153' title='bbox 294 875 398 894; x_wconf 81' lang='lat' dir='ltr'>vterentur,</span> <span class='ocrx_word' id='word_1_154' title='bbox 417 872 537 890; x_wconf 79' lang='lat' dir='ltr'>retinuerunt.</span> <span class='ocrx_word' id='word_1_155' title='bbox 566 869 598 889; x_wconf 90' lang='lat' dir='ltr'>In-</span> 
     </span>
     <span class='ocr_line' id='line_1_23' title="bbox 61 897 597 925; baseline -0.002 -7"><span class='ocrx_word' id='word_1_156' title='bbox 61 900 126 925; x_wconf 80' lang='lat' dir='ltr'>primis</span> <span class='ocrx_word' id='word_1_157' title='bbox 144 903 205 919; x_wconf 78' lang='lat' dir='ltr'>autem</span> <span class='ocrx_word' id='word_1_158' title='bbox 221 900 259 919; x_wconf 84' lang='lat' dir='ltr'>duo</span> <span class='ocrx_word' id='word_1_159' title='bbox 276 901 355 919; x_wconf 73' lang='lat' dir='ltr'>maxime</span> <span class='ocrx_word' id='word_1_160' title='bbox 365 899 472 919; x_wconf 82' lang='lat' dir='ltr'>rucoeffibus</span> <span class='ocrx_word' id='word_1_161' title='bbox 482 897 559 918; x_wconf 78' lang='lat' dir='ltr'>obfuisse</span> <span class='ocrx_word' id='word_1_162' title='bbox 569 904 597 917; x_wconf 78' lang='lat' dir='ltr'>ar-</span> 
     </span>
     <span class='ocr_line' id='line_1_24' title="bbox 61 926 595 953; baseline -0.004 -6"><span class='ocrx_word' id='word_1_163' title='bbox 61 928 160 950; x_wconf 81' lang='lat' dir='ltr'>bitramur,</span> <span class='ocrx_word' id='word_1_164' title='bbox 181 928 252 953; x_wconf 83' lang='lat' dir='ltr'>primo,</span> <span class='ocrx_word' id='word_1_165' title='bbox 275 928 327 953; x_wconf 85' lang='lat' dir='ltr'>quod</span> <span class='ocrx_word' id='word_1_166' title='bbox 344 929 363 947; x_wconf 86' lang='lat' dir='ltr'>in</span> <span class='ocrx_word' id='word_1_167' title='bbox 377 927 497 952; x_wconf 81' lang='lat' dir='ltr'>exsequendis</span> <span class='ocrx_word' id='word_1_168' title='bbox 515 926 595 946; x_wconf 79' lang='lat' dir='ltr'>consiliis</span> 
     </span>
     <span class='ocr_line' id='line_1_25' title="bbox 61 956 596 981; baseline -0.002 -6"><span class='ocrx_word' id='word_1_169' title='bbox 61 956 199 975; x_wconf 75' lang='lat' dir='ltr'>foederatorum</span> <span class='ocrx_word' id='word_1_170' title='bbox 211 956 310 976; x_wconf 82' lang='lat' dir='ltr'>eoncordia</span> <span class='ocrx_word' id='word_1_171' title='bbox 323 956 414 981; x_wconf 83' lang='lat' dir='ltr'>ardorque</span> <span class='ocrx_word' id='word_1_172' title='bbox 424 956 508 975; x_wconf 86' lang='lat' dir='ltr'>omnium</span> <span class='ocrx_word' id='word_1_173' title='bbox 517 956 536 974; x_wconf 91' lang='lat' dir='ltr'>in</span> <span class='ocrx_word' id='word_1_174' title='bbox 545 960 596 974; x_wconf 84' lang='lat' dir='ltr'>eom-</span> 
     </span>
     <span class='ocr_line' id='line_1_26' title="bbox 61 983 598 1009; baseline -0.002 -6"><span class='ocrx_word' id='word_1_175' title='bbox 61 990 118 1004; x_wconf 85' lang='lat' dir='ltr'>mune</span> <span class='ocrx_word' id='word_1_176' title='bbox 138 985 208 1003; x_wconf 84' lang='lat' dir='ltr'>bonum</span> <span class='ocrx_word' id='word_1_177' title='bbox 226 984 370 1009; x_wconf 78' lang='lat' dir='ltr'>conspirantium</span> <span class='ocrx_word' id='word_1_178' title='bbox 385 984 495 1009; x_wconf 81' lang='lat' dir='ltr'>plerumque</span> <span class='ocrx_word' id='word_1_179' title='bbox 508 983 567 1003; x_wconf 77' lang='lat' dir='ltr'>abfuit</span> <span class='ocrx_word' id='word_1_180' title='bbox 579 986 598 1002; x_wconf 86' lang='lat' dir='ltr'>et</span> 
     </span>
     <span class='ocr_line' id='line_1_27' title="bbox 61 1012 597 1037; baseline -0.004 -5"><span class='ocrx_word' id='word_1_181' title='bbox 61 1013 81 1032; x_wconf 87' lang='lat' dir='ltr'>iu</span> <span class='ocrx_word' id='word_1_182' title='bbox 94 1013 160 1037; x_wconf 79' lang='lat' dir='ltr'>magna</span> <span class='ocrx_word' id='word_1_183' title='bbox 171 1013 255 1032; x_wconf 80' lang='lat' dir='ltr'>societate</span> <span class='ocrx_word' id='word_1_184' title='bbox 268 1012 325 1032; x_wconf 74' lang='lat' dir='ltr'>abesse</span> <span class='ocrx_word' id='word_1_185' title='bbox 338 1012 394 1036; x_wconf 76' lang='lat' dir='ltr'>folet3</span> <span class='ocrx_word' id='word_1_186' title='bbox 410 1018 449 1037; x_wconf 81' lang='lat' dir='ltr'>quo</span> <span class='ocrx_word' id='word_1_187' title='bbox 462 1012 501 1037; x_wconf 87' lang='lat' dir='ltr'>ipso</span> <span class='ocrx_word' id='word_1_188' title='bbox 513 1012 551 1031; x_wconf 82' lang='lat' dir='ltr'>fieri</span> <span class='ocrx_word' id='word_1_189' title='bbox 564 1017 597 1031; x_wconf 86' lang='lat' dir='ltr'>ne-</span> 
     </span>
     <span class='ocr_line' id='line_1_28' title="bbox 56 1039 597 1067; baseline -0.002 -7"><span class='ocrx_word' id='word_1_190' title='bbox 56 1040 107 1067; x_wconf 39' lang='lat' dir='ltr'>·cess‘e</span> <span class='ocrx_word' id='word_1_191' title='bbox 119 1041 153 1063; x_wconf 78' lang='lat' dir='ltr'>est,</span> <span class='ocrx_word' id='word_1_192' title='bbox 171 1045 190 1060; x_wconf 88' lang='lat' dir='ltr'>vt</span> <span class='ocrx_word' id='word_1_193' title='bbox 201 1041 275 1060; x_wconf 81' lang='lat' dir='ltr'>foedera</span> <span class='ocrx_word' id='word_1_194' title='bbox 285 1047 295 1060; x_wconf 80' lang='lat' dir='ltr'>a</span> <span class='ocrx_word' id='word_1_195' title='bbox 305 1041 389 1065; x_wconf 79' lang='lat' dir='ltr'>pluribus</span> <span class='ocrx_word' id='word_1_196' title='bbox 397 1042 441 1060; x_wconf 76' lang='lat' dir='ltr'>inita</span> <span class='ocrx_word' id='word_1_197' title='bbox 450 1047 490 1060; x_wconf 72' lang='lat' dir='ltr'>raro</span> <span class='ocrx_word' id='word_1_198' title='bbox 498 1039 597 1060; x_wconf 78' lang='lat' dir='ltr'>successum</span> 
     </span>
     <span class='ocr_line' id='line_1_29' title="bbox 61 1068 597 1094; baseline -0.004 -5"><span class='ocrx_word' id='word_1_199' title='bbox 61 1069 150 1091; x_wconf 75' lang='lat' dir='ltr'>habeant,</span> <span class='ocrx_word' id='word_1_200' title='bbox 169 1070 193 1088; x_wconf 80' lang='lat' dir='ltr'>ita</span> <span class='ocrx_word' id='word_1_201' title='bbox 206 1073 226 1088; x_wconf 85' lang='lat' dir='ltr'>vt</span> <span class='ocrx_word' id='word_1_202' title='bbox 236 1075 260 1089; x_wconf 88' lang='lat' dir='ltr'>ne</span> <span class='ocrx_word' id='word_1_203' title='bbox 270 1075 280 1089; x_wconf 82' lang='lat' dir='ltr'>a</span> <span class='ocrx_word' id='word_1_204' title='bbox 292 1070 418 1094; x_wconf 82' lang='lat' dir='ltr'>potentiorum</span> <span class='ocrx_word' id='word_1_205' title='bbox 429 1069 503 1094; x_wconf 83' lang='lat' dir='ltr'>quidem</span> <span class='ocrx_word' id='word_1_206' title='bbox 513 1068 597 1088; x_wconf 84' lang='lat' dir='ltr'>multitu-</span> 
     </span>
     <span class='ocr_line' id='line_1_30' title="bbox 62 1096 598 1123; baseline -0.002 -7"><span class='ocrx_word' id='word_1_207' title='bbox 62 1097 105 1117; x_wconf 81' lang='lat' dir='ltr'>dine</span> <span class='ocrx_word' id='word_1_208' title='bbox 118 1097 227 1117; x_wconf 70' lang='lat' dir='ltr'>infirmiores</span> <span class='ocrx_word' id='word_1_209' title='bbox 238 1104 284 1123; x_wconf 79' lang='lat' dir='ltr'>opes</span> <span class='ocrx_word' id='word_1_210' title='bbox 296 1102 412 1121; x_wconf 57' lang='lat' dir='ltr'>euertuntum</span> <span class='ocrx_word' id='word_1_211' title='bbox 428 1098 446 1117; x_wconf 86' lang='lat' dir='ltr'>id</span> <span class='ocrx_word' id='word_1_212' title='bbox 456 1098 506 1123; x_wconf 82' lang='lat' dir='ltr'>quod</span> <span class='ocrx_word' id='word_1_213' title='bbox 515 1097 555 1116; x_wconf 81' lang='lat' dir='ltr'>satis</span> <span class='ocrx_word' id='word_1_214' title='bbox 564 1096 598 1115; x_wconf 86' lang='lat' dir='ltr'>do-</span> 
     </span>
     <span class='ocr_line' id='line_1_31' title="bbox 62 1125 597 1151; baseline -0.002 -6"><span class='ocrx_word' id='word_1_215' title='bbox 62 1127 101 1145; x_wconf 84' lang='lat' dir='ltr'>cuit</span> <span class='ocrx_word' id='word_1_216' title='bbox 117 1132 159 1145; x_wconf 85' lang='lat' dir='ltr'>cum</span> <span class='ocrx_word' id='word_1_217' title='bbox 176 1126 267 1151; x_wconf 84' lang='lat' dir='ltr'>superiore</span> <span class='ocrx_word' id='word_1_218' title='bbox 283 1126 355 1145; x_wconf 78' lang='lat' dir='ltr'>saeculo</span> <span class='ocrx_word' id='word_1_219' title='bbox 364 1125 417 1146; x_wconf 85' lang='lat' dir='ltr'>XV1.</span> <span class='ocrx_word' id='word_1_220' title='bbox 432 1126 546 1145; x_wconf 84' lang='lat' dir='ltr'>Venetorum</span> <span class='ocrx_word' id='word_1_221' title='bbox 559 1125 597 1144; x_wconf 81' lang='lat' dir='ltr'>for—</span> 
     </span>
    </p>
   </div>
   <div class='ocr_carea' id='block_1_2' title="bbox 62 1153 598 1207">
    <p class='ocr_par' dir='ltr' id='par_1_2' title="bbox 62 1153 598 1207">
     <span class='ocr_line' id='line_1_32' title="bbox 62 1153 597 1202; baseline 0 -29"><span class='ocrx_word' id='word_1_222' title='bbox 62 1157 117 1177; x_wconf 76' lang='lat' dir='ltr'>tuna,</span> <span class='ocrx_word' id='word_1_223' title='bbox 135 1154 208 1174; x_wconf 77' lang='lat' dir='ltr'>soedere</span> <span class='ocrx_word' id='word_1_224' title='bbox 219 1153 343 1175; x_wconf 67' lang='lat' dir='ltr'>cameracensi</span> <span class='ocrx_word' id='word_1_225' title='bbox 352 1155 437 1202; x_wconf 74' lang='lat' dir='ltr'>adsuersus</span> <span class='ocrx_word' id='word_1_226' title='bbox 447 1160 479 1174; x_wconf 76' lang='lat' dir='ltr'>eos</span> <span class='ocrx_word' id='word_1_227' title='bbox 487 1154 544 1177; x_wconf 71' lang='lat' dir='ltr'>fado3</span> <span class='ocrx_word' id='word_1_228' title='bbox 557 1158 597 1173; x_wconf 84' lang='lat' dir='ltr'>tum</span> 
     </span>
     <span class='ocr_line' id='line_1_33' title="bbox 396 1188 598 1207; baseline -0.005 -5"><span class='ocrx_word' id='word_1_229' title='bbox 396 1189 410 1207; x_wconf 82' lang='lat'><strong>4</strong></span> <span class='ocrx_word' id='word_1_230' title='bbox 533 1188 598 1202; x_wconf 80' lang='lat' dir='ltr'>recens</span> 
     </span>
    </p>
   </div>
   <div class='ocr_carea' id='block_1_3' title="bbox 570 233 609 252">
    <p class='ocr_par' dir='ltr' id='par_1_3' title="bbox 570 233 609 252">
     <span class='ocr_line' id='line_1_34' title="bbox 570 233 609 252; baseline 0.026 -1"><span class='ocrx_word' id='word_1_231' title='bbox 570 233 609 252; x_wconf 83' lang='lat'>²79</span> 
     </span>
    </p>
   </div>
   <div class='ocr_carea' id='block_1_4' title="bbox 269 241 410 247">
    <p class='ocr_par' dir='ltr' id='par_1_4' title="bbox 269 241 410 247">
     <span class='ocr_line' id='line_1_35' title="bbox 269 241 410 247; baseline 0 0"><span class='ocrx_word' id='word_1_232' title='bbox 269 241 410 247; x_wconf 95' lang='lat' dir='ltr'> </span> 
     </span>
    </p>
   </div>
  </div>
 </body>
</html>
