2580 4996
190 693 311 770 80¹.
573 700 854 740 n·-

183 901 288 970 rum,
319 904 414 981 quos
438 886 744 961 commerciorum
767 899 807 961 et
822 887 1066 984 nauigationis
1088 887 1246 968 studia'a
1271 925 1280 967 1.

183 995 285 1071 bello
301 996 544 1084 abduxerant,
575 995 739 1073 luxuries
763 1013 885 1074 autem
905 1016 941 1075 et
963 1002 1137 1077 mollities
1163 1026 1245 1078 cor·
1272 1041 1286 1088 ῃ

168 1100 316 1208 'porum
336 1111 449 1186 robur
462 1109 627 1207 fregerat.
687 1106 760 1187 Etsi
773 1134 884 1209 porro
901 1136 980 1188 non
1001 1116 1108 1190 armis
1126 1119 1242 1214 magis
1276 1156 1286 1203 2

182 1245 223 1296 ac
242 1225 392 1310 virtute,
436 1244 547 1320 quarn
576 1221 728 1298 confilio
760 1237 797 1298 et
816 1226 1008 1322 prudentia
1036 1226 1243 1305 excelluiffe
1275 1268 1286 1317 ·.·

181 1333 340 1412 Romani
356 1336 469 1409 videri
487 1336 638 1410 debent:
663 1338 703 1410 in
716 1336 785 1412 hac
801 1349 920 1413 tamen
938 1338 1132 1437 prudentia
1150 1365 1242 1417 con·
1277 1387 1284 1426 ,r

179 1446 469 1524 tinerividebitis
488 1447 621 1537 multa,
648 1471 743 1547 quae
773 1472 858 1526 cum
889 1453 1037 1541 iustitia,
1071 1453 1241 1531 humani·
1278 1499 1283 1545 Ι

178 1572 251 1637 tate
268 1575 305 1637 et
319 1561 588 1648 moderatione,
614 1584 745 1660 parum
760 1563 842 1639 sunt
857 1565 1068 1640 eoniuntia:
1094 1570 1242 1645 vtenim
1279 1613 1286 1660 2

178 1677 340 1775 priuatae
357 1675 458 1749 sortis
476 1675 663 1764 homines,
682 1678 731 1751 ita
742 1679 906 1752 ciuitates
924 1690 960 1752 et
976 1680 1126 1776 imperia
1139 1679 1240 1758 haud
1281 1727 1286 1775 3

178 1787 284 1864 facile
311 1787 357 1863 ad
378 1786 535 1884 insignes
569 1786 707 1888 aliquas
735 1813 824 1888 opes
854 1807 890 1864 et
920 1791 1085 1867 fortunas
1109 1812 1238 1890 perue-

176 1903 307 1990 niunt,
337 1898 403 1975 niii
427 1901 611 1975 interdum
635 1901 796 1977 Vtilitatis
828 1902 943 1979 cauiia
968 1906 1024 1979 ius
1053 1903 1118 1979 sibi
1140 1904 1241 1981 dese-

177 2014 335 2090 rendum
353 2010 420 2089 effe
436 2014 630 2088 statuerint
689 2012 849 2092 Romani
874 2033 996 2092 autem
1022 2040 1133 2093 omne
1160 2018 1237 2094 fere

177 2129 236 2204 ius
258 2127 303 2204 ad
320 2130 407 2227 reip.
428 2127 619 2202 utilitatem
635 2130 873 2212 reuocabant,
912 2138 1023 2229 quam
1046 2145 1168 2205 tamen
1189 2154 1237 2207 ex

176 2239 480 2342 philosophorum
503 2241 645 2340 placitis
665 2241 896 2318 constitutam
913 2245 957 2317 ab
972 2247 1016 2319 iis
1034 2245 1149 2319 nolite
1166 2267 1236 2343 pu·

175 2369 270 2431 tare:
299 2354 334 2430 se
351 2352 545 2452 superesse,
581 2376 638 2430 res
663 2377 810 2452 gerere,
841 2378 931 2453 opes
956 2371 993 2431 et
1019 2357 1142 2455 copias
1170 2356 1235 2432 ha-

173 2471 280 2559 bere,
311 2489 397 2544 cum
419 2471 531 2544 totius
544 2468 863 2565 generisuhumani
887 2467 1078 2557 seruitute,
1115 2482 1169 2557 et,
1207 2469 1235 2547 fi

173 2581 268 2658 ferre
293 2586 424 2679 iugum
445 2581 587 2670 nollet,
624 2580 789 2670 excidio,
826 2572 982 2679 dignum
1008 2597 1046 2659 et
1074 2604 1234 2680 aequum

171 2695 365 2774 hebebant.

283 2921 456 3021 Inprimis
471 2945 558 2998 vero
582 2920 728 2998 consilia
757 2933 794 2998 et
814 2933 928 3012 artes,
963 2922 1096 3020 quibus
1120 2920 1231 3001 Sena-

169 3050 230 3114 tus
246 3036 326 3112 vius
344 3037 415 3126 est,
446 3034 492 3110 ad
512 3049 570 3111 tot
593 3047 787 3133 tantosque
812 3035 972 3133 populos
996 3048 1033 3109 et
1059 3050 1168 3111 terras
1189 3039 1230 3114 in

170 3148 347 3249 obsequio
365 3147 591 3238 retinendas,
618 3146 679 3224 etsi
699 3147 848 3224 summis
867 3147 1035 3224 laudibus
1056 3171 1074 3223 a
1102 3150 1228 3226 multis

170 3263 239 3340 sint
256 3263 475 3350 celebratae,
506 3265 554 3338 ita
570 3275 692 3338 tamen
709 3277 934 3359 comparatae
952 3260 1052 3364 sunt,
1092 3276 1131 3336 vt
1149 3287 1229 3360 par.

170 3381 238 3455 tim
254 3379 393 3466 adius,
426 3374 528 3476 quod
555 3377 594 3449 in
620 3398 731 3450 manu
755 3373 913 3473 positum
941 3375 1007 3461 est,
1048 3375 1228 3474 quodque

170 3495 220 3582 is,
256 3493 321 3592 qui
346 3504 487 3567 ceteros
513 3488 650 3564 viribus
674 3488 841 3574 excellit,
878 3489 1065 3585 potentior
1088 3487 1163 3586 ipse
1189 3503 1228 3565 et

169 3607 319 3690 fortior,
345 3617 507 3689 exercet,
540 3601 637 3675 etad
656 3603 728 3675 vim
743 3602 985 3700 iniuriamque
1001 3603 1125 3676 omnia
1150 3601 1227 3677 fere

168 3719 337 3805 redeant,
367 3717 498 3815 partim
515 3728 588 3789 tam
604 3712 868 3789 abominandae
891 3713 973 3789 sunt
988 3712 1141 3801 fraudis,
1169 3716 1227 3789 in.

167 3829 312 3908 sidioiae
332 3831 476 3904 astutiae
493 3843 529 3902 et
545 3827 749 3926 superbiae,
778 3840 816 3900 vt
833 3826 1041 3922 legentibus
1058 3827 1227 3924 indigna.

167 3949 307 4024 tionem
322 3955 359 4020 et
373 3943 564 4019 horrorem
576 3941 717 4016 saciant
774 3936 913 4037 Itaque,
934 3951 973 4014 vt
990 3939 1137 4037 populi,
1157 3939 1226 4015 ho.

67 4148 69 4157 ‚
166 4063 310 4137 minum
332 4077 529 4153 rerumque
546 4056 661 4153 copiis
679 4051 934 4139 florentissimi,
966 4055 1226 4149 etprouinciae

167 4176 249 4251 latis
273 4171 406 4246 finibus
424 4181 609 4266 patentes,
635 4168 790 4263 imperio
806 4178 889 4238 tuto
917 4164 1041 4239 haberi
1069 4162 1223 4262 puisent,

167 4289 360 4365 hominum
378 4281 571 4369 caedibus,
601 4281 746 4354 vrbium
764 4276 933 4365 excidiis,
964 4277 1098 4351 vastitie
1116 4292 1153 4350 et
1168 4276 1225 4352 so-

166 4400 323 4478 litudine
361 4418 533 4495 agrorum
565 4390 733 4471 effetium
757 4390 815 4467 est.
890 4388 995 4466 Nihil
1026 4387 1133 4576 adeod
1154 4387 1224 4517 eiie

1072 4525 1108 4576 vi
1136 4517 1223 4580 edili
