710 1331
244 224 387 239 Ξ
541 228 582 248 2¹9

47 272 83 290 vit:
103 270 210 290 facultatem
225 270 288 290 saltem
303 270 335 290 fibi
351 271 423 296 peperit
436 271 515 295 cogitata
527 273 584 292 animi

48 300 109 319 verbis
127 299 216 318 efferendi
235 305 256 318 ac
269 300 367 318 commode
385 299 494 319 declarandi..
527 299 582 320 Enim

47 333 92 347 vero
108 328 212 347 orationem
230 328 330 353 vnicuique
347 329 467 353 negotiorum
479 332 511 348 aut
520 335 582 349 rerum
593 331 598 333 “

47 356 181 376 tractandarum
198 356 261 381 generi
270 357 363 381 propriam
376 356 474 384 cqusequi,
489 357 583 377 iudicandi

46 385 154 404 facultatem
170 385 266 406 roborare,
286 385 305 403 in
319 385 374 404 rebus
384 390 461 410 quoque
472 385 583 410 digerendis,

47 419 87 433 non
103 413 162 432 modo
180 414 200 432 in
217 413 277 432 verbis
294 413 393 435 struendis,
420 413 495 437 ingenii‘
505 420 583 433 acumen

46 441 143 467 expolire,
166 441 212 461 haec
227 441 260 460 isto
278 441 340 461 saltem
354 441 412 461 modo
423 441 472 461 haud
483 441 536 461 facile
549 443 583 462 ob-

47 470 103 490 tineri
116 469 194 495 poll'unt.
223 469 264 489 Hac
276 473 337 489 tamen
349 469 426 489 Latinae
434 471 523 490 orationis
531 471 584 490 scho-

45 498 108 518 lastioe
126 499 256 518 exercitatione
272 502 371 518 contentos
383 497 417 518 else
428 499 510 518 videmus
524 499 543 518 in
554 500 583 519 iu-

45 530 123 546 ventute
135 527 234 546 erudienda
248 527 303 546 etiam
316 526 362 546 alios
374 526 460 552 populos.
489 526 540 547 Inter
548 534 583 547 no-

45 555 109 575 strates
125 559 185 574 autem
202 561 245 575 cum
261 555 284 574 ab
296 555 360 580 aliquo
374 555 417 574 inde
429 559 522 580 tempore,
542 562 582 576 uon

49 585 112 603 miuus
128 584 147 602 in
162 583 227 603 scholis
241 589 296 609 quam
307 584 327 602 in
341 583 448 606 academiis,
464 583 495 603 illa
505 589 582 609 quoque

46 612 137 632 scribendi
152 618 173 631 ac
185 612 288 637 disputandi
299 612 405 631 exercitatio
417 611 498 637 neglecia
510 615 528 631 et
537 618 582 632 con-

46 643 104 660 oemta
119 640 207 660 iacuiss'et:
229 640 290 659 sentiri
307 640 381 659 tandem
398 645 484 665 coeptum
501 640 535 663 est,
556 641 582 660 fa-

46 669 116 689 cultate
132 669 164 688 illa
179 669 227 689 reete
240 669 330 688 scribendi
343 669 366 688 de
377 669 409 691 iis,
428 674 476 694 quae
488 669 582 689 auditione

46 700 66 717 et
77 697 156 717 lefflone
168 701 285 723 acceperant,
303 703 342 716 non
354 697 401 716 bene
415 697 486 717 nostros
497 697 582 717 hominex

47 731 114 745 carere.
145 726 210 749 Nostra
223 727 284 751 itaque
297 729 354 745 aetate
366 726 447 750 cogitare
460 732 537 751 coepere
548 727 587 753 viriv

47 754 172 779 intelligentes
187 760 209 774 ac
220 754 320 780 prudentes
334 754 358 773 de
371 754 462 773 eiusmodi
473 754 539 774 scholis
552 755 582 774 ha-

47 783 124 805 bendis,
148 783 226 808 quibus,
249 783 302 802 cursu
317 783 422 808 disciplinae
437 783 542 802 academico
558 783 582 802 ad

46 817 115 831 meram
128 811 164 831 fere
177 811 259 836 perasso,
279 811 397 830 subiiceretur
409 811 485 835 spatium
498 811 582 835 aliquod.

47 845 87 865 quo
102 840 163 859 audita
178 839 200 859 ad
217 840 276 865 ipsum
290 839 340 859 vsum
355 843 374 858 et
386 839 475 859 scribendi
487 838 549 858 saltem
561 845 582 859 ac

46 868 133 888 tradlandi
145 868 249 888 facultatem
262 868 407 887 transferrentur.

105 923 159 947 Quae
172 929 215 943 cum
227 922 318 948 praeclare
330 923 426 942 constituta
439 922 483 944 lint,
502 928 582 948 cumque

48 952 163 977 acquiescere
176 952 224 971 forte
234 953 254 970 in
266 952 287 970 iis
299 951 366 976 poffint
378 957 412 976 pro
423 950 500 970 consilio
509 951 541 970 suo
550 954 582 970 aut

48 981 126 1005 ingenio
143 980 182 1002 alii,
207 980 237 999 alii
253 983 313 999 tamen
328 980 423 999 habebunt
435 980 486 1004 quod
500 985 583 1004 conque-

47 1013 112 1029 rantur
127 1008 143 1028 se
155 1009 209 1028 nimis
223 1008 262 1028 sero
274 1014 309 1027 nec
321 1008 360 1027 satis
373 1008 446 1033 praeuia
456 1007 516 1033 aliqua
526 1008 583 1027 facul-

48 1041 85 1057 tate
98 1037 187 1056 scribendi
201 1036 295 1056 instructos
308 1037 331 1055 ad
342 1036 374 1055 illa
386 1036 481 1060 accedere3
500 1042 535 1055 nec
547 1036 583 1055 suf-

48 1066 102 1085 ficere
111 1066 148 1085 siue
163 1065 186 1084 ad
201 1066 297 1090 ingenium
308 1064 345 1084 siue
359 1064 382 1084 ad
396 1065 456 1084 stilum
468 1064 582 1088 acuendum

49 1095 166 1119 omninoque
178 1095 197 1113 in
210 1095 232 1113 iis
246 1099 293 1119 quae
305 1093 359 1118 snper
370 1096 480 1118 argumento
494 1093 549 1112 dosso
565 1096 584 1112 et

49 1129 73 1142 ex
86 1122 181 1148 disciplina
194 1123 255 1148 aliqua
276 1123 344 1147 petito,
363 1122 473 1147 cogitando,
488 1127 583 1141 commen-

48 1151 107 1171 tando
125 1157 146 1170 ac
158 1150 275 1174 meditando,
298 1151 317 1170 iu
331 1151 434 1170 orationem
445 1156 467 1170 ac
477 1149 584 1175 disputatio-

539 1183 584 1197 nem
