2602 4814
190 472 267 613 ssa
570 516 861 590 *m

184 735 259 815 que
278 709 362 789 sunt
375 708 560 810 symbola,
590 709 725 810 quibus
743 711 847 788 numi
861 708 1028 811 insigniti
1046 714 1146 795 sunt.
1185 713 1251 819 Ipsa

182 826 335 928 quidem
357 823 534 908 Felicitas]
547 822 662 921 figura
684 823 855 901 muliebri
873 826 1141 923 adumbratur,
1172 855 1253 933 quae

163 941 311 1017 ,dextra
338 941 540 1017 caduceum
563 950 684 1024 tenet,
727 936 861 1016 sinistra
877 935 1008 1017 Cornu
1031 938 1183 1043 Copiae
1202 959 1253 1022 ant

180 1052 330 1132 hastam.
388 1049 481 1130 Inde
500 1051 649 1128 Felicitas
665 1048 795 1127 Surculi
814 1066 850 1128 et
875 1052 1077 1152 Temporum
1093 1058 1252 1136 adiuncta

182 1167 259 1245 sere
283 1167 393 1242 habet
417 1163 579 1266 symbola
600 1159 722 1253 Pacis,
752 1160 953 1254 Viilotiae,
984 1166 1252 1261 abundantiae,

182 1280 411 1369 Securitatis,
466 1276 733 1365 Fecunditatis,
785 1273 1034 1356 Concordiae:
1099 1290 1254 1363 cernitur

182 1396 293 1469 enimv
320 1392 382 1468 illa
414 1391 489 1467 lere
517 1389 661 1478 stolata,
709 1388 929 1468 columellae
951 1393 1107 1485 innixa,
1146 1401 1254 1477 modo

182 1505 386 1582 caduceum
400 1517 541 1594 teneus,
569 1502 684 1579 modo
699 1525 839 1581 ramum
856 1503 1110 1604 oleagineum,
1131 1508 1255 1590 Cornu

182 1615 342 1716 Copiae,
382 1615 540 1705 hastam,
583 1615 760 1714 globum,
800 1615 1046 1709 vitioriolam,
1093 1640 1255 1723 pateram

180 1731 288 1831 super
307 1728 385 1808 arar
416 1751 509 1828 quae
526 1729 674 1806 eaedem
693 1727 831 1828 figurae
852 1732 1036 1810 interdum
1053 1741 1172 1814 etiam
1188 1738 1255 1816 liue
1300 1730 1301 1734 Ν

180 1845 292 1923 titulo
321 1856 542 1935 occurrunt3
586 1857 625 1917 vt
647 1858 774 1919 contra
798 1841 938 1944 duplex
957 1841 1091 1924 Cornu
1116 1848 1254 1950 Copiae

180 1957 369 2037 interiecto
398 1955 559 2033 caduceo
584 1955 645 2031 seu
664 1955 765 2032 arida
783 1953 857 2032 fine
879 1955 994 2054 figura
1012 1961 1195 2040 muliebri
1219 1968 1253 2040 in

180 2070 270 2151 aliis.
329 2067 507 2148 Adlicitur
522 2067 708 2145 interdum
723 2069 878 2145 rostrum
900 2073 1022 2160 nauis,
1057 2089 1125 2152 aut
1140 2091 1251 2155 temo.

158 2244 159 2248 a
180 2182 226 2263 In
252 2182 436 2282 Elagabali
458 2206 574 2259 numo
597 2204 626 2255 a.
647 2195 724 2268 218
745 2182 794 2258 est
809 2185 963 2259 triremis
982 2192 1189 2284 praetoria,
1220 2205 1253 2268 ct

181 2297 276 2373 duae
307 2293 487 2372 victoriae
518 2293 699 2371 corollam
723 2307 888 2371 tenentes
911 2298 950 2371 in
982 2320 1103 2377 numo
1128 2301 1250 2381 Maxi.

180 2412 303 2489 minis.
331 2420 369 2483 et
395 2407 444 2485 lic
465 2431 577 2506 porro
598 2408 675 2482 alia.
734 2405 780 2484 In
795 2410 917 2484 numis
932 2405 1138 2492 Commodi
1163 2431 1249 2510 183.

186 2545 263 2618 ¹90
287 2533 446 2619 quatuor
470 2521 555 2595 anni
581 2533 833 2620 temporaper
852 2521 1027 2621 puerulos
1044 2523 1247 2626 defignata3

179 2638 219 2714 in
240 2640 355 2709 numo
370 2630 556 2708 Pescennii
573 2633 680 2731 Nigri
697 2635 886 2711 canistrum
902 2634 1053 2713 floribus
1070 2653 1112 2722 et
1126 2641 1249 2719 frudi·

180 2750 250 2827 bus
276 2745 466 2834 onustum,
504 2770 590 2822 cum
610 2750 728 2822 verbis
747 2746 816 2825 Fet.
845 2747 956 2848 Temp.
1014 2747 1137 2832 Etiam
1158 2777 1248 2832 con·

119 2919 122 2923 .
178 2862 297 2962 giario
321 2860 407 2937 dato
436 2855 648 2936 Liberalitas
667 2862 759 2960 Aug.
781 2858 904 2937 vilrtur
927 2861 1107 2964 exprella,
1146 2871 1245 2946 stin

158 2976 302 3075 ⁴nurnis
335 2971 561 3064 caracallae,
614 2971 729 3051 Getae
759 2987 797 3051 et
820 2972 928 3072 ipfius
953 2978 1079 3055 Seueri
1100 3003 1133 3056 a.
1152 3006 1244 3059 202.

178 3089 228 3168 At
253 3089 387 3166 domus
413 3086 616 3186 Augustae,
662 3087 768 3185 prole
793 3086 942 3186 subnata
966 3090 1105 3181 felicis,
1153 3093 1246 3194 sym.

178 3202 265 3282 bula
287 3201 470 3278 habentur
502 3203 539 3275 in
573 3223 688 3275 numo
718 3199 897 3277 Antonini
920 3199 974 3278 Pii
1000 3203 1076 3280 duo
1105 3202 1244 3306 Copiae

178 3313 329 3393 Cornua
350 3315 530 3412 capitibus
554 3311 714 3389 filiorum
740 3312 935 3412 impofitis3
961 3319 1000 3392 in
1019 3341 1138 3396 numo
1154 3319 1246 3399 Fau·

176 3430 289 3506 stinae
315 3429 487 3513 minoris,
524 3425 600 3501 duo
623 3426 766 3525 pueruli
791 3428 831 3501 in
857 3427 1093 3519 lectisternio,
1131 3457 1247 3534 appo-

176 3540 244 3619 isto
258 3540 378 3634 astro3
414 3541 453 3613 in
479 3539 557 3614 aliis
579 3539 711 3615 mulier
733 3539 826 3614 stans
851 3562 936 3616 cum
957 3545 1078 3640 quinis
1098 3559 1137 3622 et
1152 3547 1246 3624 senis

176 3653 361 3754 puerulis;
389 3651 462 3749 ipse
484 3653 640 3729 Seuerus
665 3653 782 3749 capite
798 3665 904 3751 tenus
923 3655 1033 3731 adstat
1054 3659 1244 3753 interduo

175 3765 294 3858 filios3
338 3765 376 3839 in
408 3764 481 3841 alio
511 3782 625 3840 mater
654 3788 740 3843 cum
773 3765 918 3842 duobus
944 3766 1046 3858 liliis,
1095 3786 1134 3849 et
1155 3773 1245 3861 luna

151 3952 153 3961 .
176 3879 339 3957 crescens
362 3900 455 3970 ¹cum
486 3877 621 3978 septem
651 3877 780 3970 stellis;
819 3892 855 3954 et
883 3876 930 3954 lic
952 3879 1081 3972 aliae).
1140 3883 1245 3965 Haec

175 3994 291 4095 igitur
329 3990 375 4068 ad
408 3988 633 4070 Felicitatem
652 3990 798 4099 ‘Saeculi
820 3990 1073 4072 declarandam
1095 3995 1245 4078 diuerso

1090 4114 1248 4209 quidem

235 4271 271 4354 e)
285 4268 390 4440 ὲίοἱέ
408 4289 497 4420 pinne
524 4265 669 4354 congestu
695 4267 773 4335 lnee
806 4266 911 4336 ridere
938 4289 958 4336 e
987 4269 1186 4343 Rouessiol.
1214 4299 1244 4346 c.

328 4374 347 4438 9
420 4375 474 4440 qq.
