2580 4996
502 648 791 705 Q
1093 660 1180 738 7ιο,

100 832 250 911 noram
277 826 351 913 ore
377 833 583 931 animoque
601 834 698 909 votis
715 854 784 930 pro
800 829 912 911 salute
929 846 967 913 et
981 835 1182 917 incolumi-

100 965 172 1025 tate
186 948 426 1048 reipublicae
442 946 638 1036 faciendis,
661 947 975 1048 constitutumque
988 952 1088 1051 apud
1102 956 1182 1032 ani-

100 1086 185 1140 mos
210 1063 356 1139 vestros
383 1061 567 1139 habeatis:
606 1061 653 1136 ad
676 1085 734 1137 res
748 1061 920 1160 prospere
938 1077 975 1140 et
993 1088 1041 1141 ex
1057 1068 1181 1146 vestris

101 1190 385 1278 parentumque
408 1178 503 1251 votis
519 1173 677 1274 agendas
694 1197 808 1274 quam
829 1179 988 1253 maxime
1004 1178 1180 1270 interesse,

102 1307 146 1367 vt
172 1289 329 1388 legibus
351 1288 650 1388 magistratuique
671 1287 888 1388 obsequium
907 1292 1111 1388 praestetis,
1145 1308 1184 1373 ct

103 1407 156 1482 ad
180 1404 391 1487 litterarum
414 1403 550 1492 studia,
586 1425 747 1501 quorum
777 1399 894 1479 caussa
922 1402 997 1481 huc
1022 1407 1179 1499 venistis,

102 1523 179 1596 rite
211 1516 488 1618 prosequenda,
538 1516 802 1616 tranquillitate
828 1531 865 1609 et
889 1517 1083 1597 securitate
1112 1543 1180 1600 vos

94 1657 194 1711 uon
216 1634 361 1722 minus,
391 1653 503 1731 quam
524 1631 809 1732 rempublicam,
840 1652 935 1731 opus
949 1632 1095 1729 habere.

227 1823 427 1925 Panegyris
462 1822 554 1900 haec
589 1824 708 1901 nostra
739 1821 918 1922 infignem
950 1829 1180 1910 mutuabitur

109 1941 366 2020 celebritatem
401 1953 438 2014 et
467 1937 698 2038 splendorem
737 1940 784 2014 eir
822 1939 1021 2036 praesentia
1053 1944 1178 2036 vestra,

65 2131 70 2137 .
111 2053 292 2153 Princeps
308 2049 552 2140 Serenillrme,
569 2050 617 2152 *)
631 2049 795 2128 Comites
809 2050 1046 2145 lllustrillrmi
1066 2053 1179 2135 Corn·

111 2170 307 2247 militones
337 2167 501 2266 generis
512 2168 824 2266 ingeniorumque
854 2167 1047 2243 nobilitate
1076 2192 1180 2246 com-

109 2280 386 2368 mendatissimi,
413 2302 486 2379 qua
505 2295 545 2356 vt
560 2304 639 2356 cam
657 2280 903 2403 condecorare
918 2280 1058 2373 velitis,
1084 2282 1182 2363 sum·

108 2421 267 2499 mopere
289 2394 557 2473 contendimus.

227 2586 383 2677 Interea,
413 2612 496 2665 cum
514 2602 688 2690 tanquam
704 2587 748 2664 ad
766 2588 1020 2670 salutationem
1036 2605 1073 2671 et
1087 2616 1179 2671 con·

111 2702 275 2806 gressum
297 2706 392 2780 inter
417 2727 485 2779 nos
510 2702 662 2780 dedusla
685 2726 741 2779 res
767 2702 828 2794 srt,
855 2705 1046 2798 iaciamus,
1072 2707 1178 2807 quod

111 2824 151 2896 in
169 2816 470 2895 confabulatione
488 2817 651 2893 familiari
667 2817 886 2916 plerumque
904 2818 982 2897 lieri
998 2821 1176 2912 videmus,

112 2949 153 3009 vt
176 2936 294 3032 prima
312 2931 411 3033 quast
433 2933 629 3008 verborum
651 2933 860 3010 velitatione
878 2932 1062 3011 commissa
1079 2950 1178 3012 tran·

110 3046 205 3124 filiat
228 3047 345 3122 statim
373 3045 491 3122 sermo
517 3044 563 3122 ad
593 3068 768 3145 nuperam
791 3049 884 3123 veris
904 3048 1178 3127 inclementiam

112 3162 405 3261 contagiumque
428 3157 645 3247 febriculae,
676 3180 770 3259 quae
786 3163 831 3235 ab
848 3163 1020 3236 extremis
1035 3161 1179 3261 septen-

112 3277 248 3352 trionis
274 3277 348 3350 oris
369 3270 552 3374 progressa
571 3271 643 3348 late
663 3295 729 3371 per
747 3285 804 3349 tot
825 3275 1033 3372 prouincias
1054 3276 1102 3352 est
1118 3300 1178 3353 va·

113 3404 219 3488 gata,
262 3410 332 3464 nec
356 3389 513 3465 nostram
538 3388 664 3462 vrbem
692 3386 841 3487 reliquit
869 3387 1055 3484 intaslam3
1094 3384 1176 3490 **)

112 3502 197 3590 etsi,
234 3502 273 3576 id
301 3503 404 3602 quod
430 3503 467 3576 in
498 3500 576 3577 aliis
602 3523 754 3601 quoque
780 3500 996 3600 contagiosrs
1014 3504 1178 3582 febribus

97 3604 259 3716 ‘experti
282 3613 424 3704 sunaus,
465 3617 502 3690 in
527 3613 594 3692 hac
618 3617 706 3690 vrbe
730 3615 850 3693 multo
869 3618 994 3692 mitior
1012 3639 1122 3717 quam
1138 3621 1178 3695 in

111 3730 301 3830 plerisque
331 3731 410 3806 aliis
432 3729 524 3805 locis
551 3730 703 3805 morbus
734 3729 814 3806 suit.
882 3726 1093 3807 Iucundum
1110 3735 1179 3810 erit

112 3831 315 3943 aliquando
329 3844 453 3920 audire
468 3858 505 3919 et
519 3842 752 3941 cognoscere,
779 3867 798 3920 a
816 3845 950 3943 quibus
965 3846 1039 3920 oris
1056 3847 1177 3945 primo

113 3975 264 4046 exorta,
308 3959 444 4057 quibus
476 3959 775 4033 immutationum
808 3957 981 4058 gradibus
1005 3958 1049 4035 ad
1072 3960 1175 4052 caeli,

113 4086 326 4173 temporum
348 4094 623 4172 corporumque
650 4070 795 4148 habitus
822 4070 922 4149 saslis
946 4071 1010 4149 illa
1034 4070 1179 4172 srtpro-

1061 4184 1176 4284 gressa

179 4367 221 4447 ·)
242 4366 336 4431 Henr.
357 4366 438 4435 lud.
465 4368 535 4435 Cur.
554 4363 721 4444 Albertur,
745 4367 891 4453 Princeps
906 4366 1119 4507 Nassouienllc

177 4477 476 4567 ”Vbsnfluenza
