2550 4830
243 470 329 576 llio
633 480 931 527 ·““··“““
824 487 827 490 ’

243 673 343 752 virili
376 663 680 755 all'aborruimur!
739 687 781 753 vt
803 669 978 781 denique
1002 684 1152 784 posteri
1171 684 1198 762 hl

243 789 359 866 strum
376 787 539 868 sollenne
557 805 730 891 tanquam
746 791 946 891 exemplar
964 798 1198 899 propoiitun

245 913 336 989 ent.
365 903 410 980 ad
431 902 534 1004 quod
557 903 623 1004 ipfi
648 902 762 980 studia
787 916 827 980 et
847 904 1013 986 confilia
1038 910 1108 990 sua
1130 915 1198 992 inte

245 1011 387 1093 'Felices
403 1016 550 1111 nos,<li
577 1017 623 1095 de
650 1017 759 1094 nobis
782 1017 1002 1119 nostrisque
1030 1029 1198 1104 conatibr

244 1126 382 1206 finistre
417 1127 655 1208 iudicabunt!
691 1128 874 1208 feliciores
904 1133 1002 1233 ipfi,
1060 1138 1198 1242 liapp÷

247 1243 413 1320 nostrum
437 1243 590 1346 festique
613 1243 688 1322 diei
709 1241 965 1325 celebritatem
990 1249 1105 1332 hanc
1122 1277 1198 1331 non

245 1355 431 1457 'aequaile‚
471 1381 597 1437 verum
620 1359 730 1436 etiam
751 1355 930 1455 superasse
949 1362 1192 1446 videbuntur

248 1461 422 1546 Proceres
452 1472 642 1573 vtriusque
675 1482 713 1548 et
740 1469 899 1568 religiofi
934 1486 976 1551 et
1010 1479 1145 1558 ciuilis
1177 1505 1198 1558 ο

245 1582 491 1683 Magistratus,
523 1586 694 1684 inquam,
726 1581 846 1661 orbani
868 1596 907 1660 et
929 1588 1050 1690 sacris
1068 1619 1198 1694 operare

244 1698 387 1798 nisterin
422 1695 556 1775 eodem
575 1697 716 1786 studio,
761 1718 839 1797 quo
864 1708 902 1775 et
922 1699 1020 1779 alias
1049 1707 1198 1786 nostran

247 1807 406 1887 'demiam
430 1810 712 1911 prosequimini,
753 1832 854 1888 nunc
872 1812 986 1890 etiam
1001 1816 1197 1899 sollennib

248 1922 328 2001 stris
355 1922 545 2003 adfuturos
569 1922 639 2002 elle
663 1936 701 2003 et
728 1922 836 2002 bona·
855 1925 969 2004 verba
989 1947 1198 2029 precaturo

248 2035 469 2115 dubitamus.
541 2035 670 2116 Adeste
708 2037 854 2138 itaque,
915 2034 1035 2119 Ciues
1071 2059 1114 2125 et
1142 2046 1198 2126 Ho

248 2158 477 2254 quocunque
497 2151 585 2230 loco
603 2174 646 2230 ac
667 2152 818 2229 nomine
841 2150 1042 2248 honorati,
1085 2175 1127 2237 et
1146 2162 1198 2240 sae

249 2263 320 2341 stro
349 2267 456 2367 aequi
486 2265 651 2368 bonique
676 2263 905 2363 cognoscite3
951 2289 1027 2346 nor
1053 2274 1198 2379 quiden

249 2374 376 2457 officio
400 2378 525 2456 nostro
550 2381 655 2457 omni
680 2377 913 2455 humanitatis
931 2402 1080 2479 genere
1110 2409 1178 2466 vos

250 2490 358 2567 rendi
399 2489 515 2568 deelle
560 2492 773 2579 videamur,
846 2489 1051 2590 diligenter
1100 2504 1198 2580 curel

250 2596 289 2678 P.
302 2599 339 2679 P.
378 2604 418 2678 in
456 2600 619 2705 Georgia
648 2603 818 2706 Augure
892 2601 970 2685 Die
988 2603 1130 2692 xvu.
1170 2616 1198 2696 A

245 2712 584 2799 eloloccrxxevn.
