2580 4996
444 665 741 723 ω
1079 661 1141 758 97

50 851 182 960 porion
210 864 243 931 et
267 854 405 958 fictum,
445 848 554 950 qualit
578 853 691 930 animo
714 851 886 933 adomnia
901 856 942 956 est
958 858 1133 956 optimate

60 971 316 1076 [opiennffimm
369 966 419 1040 oti
442 966 614 1043 Heraclito
638 991 762 1067 quoque
794 969 899 1075 visum
925 973 967 1072 ιβ
991 975 1129 1051 durati:

62 1105 325 1164 sicensium
357 1101 645 1157 snmcnarssina
669 1103 717 1159 nc
743 1104 903 1160 occino.
932 1076 999 1161 oin
1021 1079 1129 1178 doxis

60 1197 252 1291 σοφωτάτη
279 1191 342 1270 ani
356 1193 493 1295 cipiunt.
516 1192 700 1293 Magnum
718 1218 807 1273 vero
818 1197 892 1274 hoc
909 1218 950 1275 ac
965 1200 1129 1278 confide-

60 1317 205 1391 ratione
226 1313 403 1410 dignum,
441 1306 620 1408 quodque
644 1311 755 1386 nostri
777 1311 967 1402 omnium,
997 1316 1126 1412 quiin

59 1427 264 1506 litterarum
293 1439 330 1500 et
355 1423 547 1521 sapientiae
569 1422 688 1500 studio
713 1447 797 1500 cum
827 1427 989 1503 maxime
1014 1424 1128 1506 versa·

60 1567 167 1629 mur,
212 1539 309 1616 haud
338 1560 468 1638 parum
490 1534 655 1613 interesse
679 1538 843 1629 videtur,
878 1538 904 1616 st
918 1542 1125 1640 ficcoonimn

59 1662 100 1758 est
114 1657 347 1757 sopientiffimo
364 1664 394 1727 et
416 1657 560 1751 optimo.
589 1664 627 1726 vt
644 1652 918 1749 cognoscamus,
944 1677 1125 1753 quaenam

5 1767 11 1849 s
60 1770 122 1848 illa
147 1769 207 1857 sit,
246 1782 283 1844 et
311 1764 504 1865 quomodo
530 1786 570 1840 ca
595 1764 1124 1866 possttparari31lsorteeam

6 1949 7 1952 κ
60 1904 95 1961 et
113 1882 178 1983 ipsi
196 1881 330 1959 habere
348 1893 410 1955 aut
426 1901 497 1957 nos
513 1879 589 1967 ita,
619 1894 658 1954 vt
682 1902 760 1956 eam
777 1878 997 1973 habeamus,
1025 1887 1124 1963 inlli-

56 2012 161 2076 tuere
178 1994 362 2097 possimus.

171 2191 248 2270 lam
278 2193 437 2291 primum
461 2212 547 2269 curn
570 2191 607 2265 in
627 2191 800 2268 omnibus
817 2191 1123 2294 philosophorum

58 2309 203 2411 placitis
221 2305 417 2404 diligenter
433 2303 662 2402 indagandus
680 2304 722 2380 fit
735 2306 853 2384 sensus
871 2312 919 2396 is,
952 2332 1028 2409 quo
1046 2311 1122 2402 ille,

61 2428 128 2524 qui
154 2424 294 2522 primus
320 2419 456 2494 dilium
484 2418 634 2517 aliquod
660 2420 832 2518 protulit,
871 2422 961 2498 illud
980 2425 1123 2502 extule-

1 2612 2 2647 ἰ
60 2542 128 2626 rit,
166 2533 479 2631 secernendaeque
503 2531 571 2607 sint
589 2533 634 2607 ab
652 2555 696 2606 eo
715 2536 893 2622 rationes,
925 2559 1014 2634 quas
1033 2562 1122 2617 mox

1 3860 3 3907 l

1 4187 9 4261 'i

61 2650 221 2728 intulere
251 2648 335 2736 alii,
385 2649 449 2746 qui
477 2645 607 2722 iisdem
634 2648 752 2723 verbis
778 2650 815 2723 in
844 2649 941 2726 suani
971 2677 1046 2728 rem
1073 2653 1123 2731 vfi

60 2766 160 2844 sunt:
198 2780 277 2840 tum
297 2759 417 2836 inulto
434 2761 549 2857 magis
565 2763 604 2834 in
620 2759 946 2860 antiquissimorum
964 2766 1089 2865 philos
1108 2817 1125 2832 -

60 2879 224 2982 phorum
259 2874 494 2973 dogmatibus
524 2879 707 2972 praecepti
739 2875 847 2951 huius
878 2902 1061 2956 memores
1088 2897 1127 2958 vt

61 2995 172 3071 fimus
192 2987 330 3066 necesse
344 2988 411 3064 est:
437 2986 576 3064 faciunt
590 2990 687 3062 enirn
704 3011 789 3065 curn
806 2989 1018 3079 multasse,
1047 3009 1127 3070 tum

62 3107 136 3209 ipsa
150 3103 404 3205 philosophiae
423 3102 516 3176 ratio
533 3100 701 3176 nondum
720 3103 764 3177 ad
780 3102 874 3180 hanc
890 3104 1126 3183 subtilitatem

63 3221 208 3308 euecta,
236 3232 272 3292 et
287 3216 407 3291 multo
423 3215 540 3312 magis
556 3213 673 3290 sermo
690 3238 818 3315 parum
834 3220 953 3293 verbis
970 3219 1128 3296 dialesli·

64 3339 114 3413 cis
139 3348 177 3410 et
201 3328 452 3429 metaphysicis
476 3326 685 3416 instrudus,
723 3328 783 3407 scd
816 3332 855 3405 in
878 3334 997 3406 verbis
1015 3335 1127 3411 seren

64 3472 188 3528 rerum
214 3444 314 3520 sensu
341 3444 484 3542 petitis,
531 3440 698 3542 adeoque
726 3442 873 3544 inipso
901 3445 1008 3522 rebus
1034 3471 1127 3546 quac

63 3561 224 3641 sensibus
246 3556 421 3634 subiedlae
442 3554 544 3643 sunt,
581 3569 802 3654 occupatus,
845 3571 884 3632 vt
909 3558 1023 3638 multa
1042 3585 1129 3662 pro.

63 3679 284 3755 nuntientur
319 3685 383 3747 ant
413 3670 588 3770 pinguius
623 3687 686 3747 aut
714 3671 921 3762 obscurius,
967 3693 1030 3752 aut
1053 3694 1128 3754 tunt

1012 3793 1128 3867 ambi·

177 3979 250 4034 tnto
265 3969 422 4034 interdum
437 3964 523 4052 ξηρή,
539 3964 622 4052 quod
638 3965 686 4031 vic
698 3963 886 4055 doslissimuc
900 3969 1012 4053 ibique
1024 3993 1130 4038 emen-

179 4055 277 4117 danit.
326 4052 408 4119 Satio
424 4060 585 4136 antiquum
603 4051 678 4114 illud
695 4049 962 4117 testiomonium
982 4055 1068 4119 luisse
1081 4058 1130 4121 val

181 4159 219 4200 ex
235 4138 406 4202 Clementis
421 4147 452 4200 et
464 4137 572 4201 Galeni
587 4134 656 4198 loco
672 4153 702 4232 p.
716 4153 768 4213 qt.
783 4133 926 4219 suspicari
941 4137 1025 4202 licet.
1062 4141 1129 4208 Noa

180 4234 302 4283 utemur
322 4221 505 4284 aufloriratc
527 4217 583 4281 viri
598 4215 698 4286 dosii,
722 4216 770 4280 sed
785 4220 885 4285 multo
902 4240 948 4283 ma
974 4224 999 4283 is
1013 4224 1129 4288 erimus

179 4302 322 4383 occupati
342 4306 376 4367 in
394 4303 470 4368 uitri
492 4301 663 4368 Henetirei
685 4301 834 4366 sententia
853 4303 941 4367 diues
997 4308 1130 4369 modin

180 4386 377 4468 scriptoribus
391 4401 526 4468 accepta.
1079 4404 1080 4407 ¹

132 4496 245 4582 Heynii
258 4497 365 4582 Opust.
383 4494 468 4565 acad.
485 4492 554 4564 Vol.
564 4491 635 4560 III.
750 4470 787 4556 G
