2496 4936
465 666 749 730 =·..--....··
1085 674 1134 752 31

317 852 890 988 Epimetrun

50 1023 347 1184 praescriptam
388 1084 568 1160 habebam
614 1084 743 1160 animo
789 1081 947 1158 formam
992 1068 1138 1172 eorum,

53 1222 143 1298 quae
186 1199 464 1298 scriptionibus
502 1198 669 1298 pluribus
707 1196 859 1273 ulterius
890 1192 1136 1296 persequerer.

55 1311 162 1391 Duxi
188 1313 316 1388 lineas
345 1314 385 1387 in
410 1309 620 1389 Comment
641 1309 669 1387 Ι.
687 1335 723 1409 p.
747 1333 780 1402 5.
800 1315 836 1385 6.
856 1307 999 1408 seposui
1014 1320 1139 1385 tamen

58 1429 233 1526 incepta,
276 1449 371 1503 mox
398 1429 507 1501 etiam
534 1424 691 1501 omisret
710 1424 846 1513 abieci,
874 1421 1140 1500 cumviderem

60 1537 266 1640 Collegam
282 1537 543 1627 dolliffinrum,
567 1562 626 1614 me
640 1541 837 1626 iuniorem,
861 1539 1001 1614 maiore
1015 1537 1142 1636 copia·

62 1679 140 1731 ram
179 1667 361 1754 apparatu
384 1667 422 1728 et
452 1657 532 1730 otio
556 1650 788 1740 iustrutlum,
826 1651 872 1728 ad
896 1652 987 1737 baec
1010 1649 1141 1727 eadem

63 1768 254 1844 bellanda
288 1762 478 1858 accessisse,
510 1764 695 1844 conuersis
728 1764 774 1840 ad
805 1767 950 1864 generis
974 1763 1140 1854 humani,

65 1905 180 1982 quarn
194 1882 397 1981 appellant,
406 1882 589 1959 historiam
604 1880 741 1956 studiis.
768 1878 828 1957 Ne
844 1883 979 1979 itaque,
999 1881 1045 1956 ab
1059 1877 1141 1955 aliis

67 2020 195 2073 rerum
226 1997 416 2094 principiis
443 2011 480 2071 et
501 1997 726 2092 argumentis
750 1993 824 2093 ipse
853 1990 1055 2092 profectus,
1092 1991 1141 2067 de

70 2109 269 2187 nonnullis
302 2109 407 2184 aliter
438 2107 628 2185 sentiendo
659 2131 701 2185 ac
731 2106 942 2201 statuendo,
980 2104 1141 2182 aliorum

7 2293 9 2312 ,
70 2225 217 2324 placitis
245 2246 288 2298 ae
310 2222 435 2299 studiis
463 2221 664 2298 obtretlare
689 2220 785 2297 velle
804 2221 965 2315 viderer3
993 2240 1080 2296 cum
1093 2218 1140 2294 ab

72 2341 177 2414 omni
194 2337 266 2413 hac
286 2339 527 2413 contentione
546 2335 610 2411 snn
626 2334 880 2429 alienilsmus3
909 2335 956 2410 ab
969 2346 1051 2411 toto
1065 2331 1142 2413 hoc

8 2449 12 2516 l
74 2475 210 2551 genere
236 2449 378 2543 recelsr3
426 2452 594 2548 inprimis
619 2474 706 2526 cunr
733 2447 875 2526 Genius
901 2446 1032 2524 natalis
1062 2446 1141 2523 auti

8 2643 10 2646 ,
74 2590 174 2642 meae
191 2588 348 2650 aureum
358 2563 451 2639 illud
463 2563 713 2640 insusurraret:
736 2564 874 2640 laudato
888 2565 1033 2659 ingentia
1044 2587 1140 2648 rura,

75 2680 250 2776 Exiguum
267 2679 377 2755 colito.
412 2676 510 2755 Illud
528 2691 670 2767 tamen,
691 2677 794 2776 quod
806 2682 845 2752 in
864 2675 1024 2754 binishis
1037 2699 1142 2754 com-

9 2819 17 2887 r
75 2794 366 2869 mentationibus
393 2791 565 2890 exposui,
598 2791 647 2868 fic
673 2790 754 2866 satis
781 2792 876 2867 bene
902 2790 995 2868 mihi
1020 2790 1142 2868 obser-

11 2918 15 3051 ᾗ
74 2906 165 2984 rasse
199 2906 348 2984 videor:
400 2928 550 2982 omnem
579 2906 625 2982 de
652 2906 891 2981 barbarorum
918 2918 955 2982 et
978 2905 1143 2982 ferorum

10 3054 16 3108 r
72 3020 302 3122 populorum
318 3021 495 3104 moribus,
515 3021 686 3097 institutis
703 3035 739 3096 et
751 3020 1004 3120 opinionibus,
1021 3017 1145 3120 dispu-

10 3115 15 3178 ἓ
72 3139 255 3211 tationem
273 3131 340 3209 else
364 3135 524 3222 inanem,
557 3133 594 3222 fi,
612 3135 674 3209 rbi
688 3135 792 3208 verbis
807 3137 923 3234 nostris
939 3131 1142 3228 vulgaribus,

73 3251 214 3350 quibus
232 3263 354 3324 tamen
378 3250 467 3323 eain
487 3246 721 3323 terrendum
744 3248 804 3334 est,
826 3248 1057 3324 enuntiatum
1079 3250 1143 3326 ali·

7 3424 11 3489 Ι
74 3363 167 3463 quid
194 3385 214 3435 a
239 3361 576 3461 peregrinatoribus
599 3375 637 3437 et
659 3361 915 3459 scriptoribus,
945 3362 1011 3460 qui
1035 3359 1081 3438 de
1098 3365 1142 3440 iis

7 3489 10 3526 ³
74 3475 317 3565 tradiderunt,
335 3478 529 3574 acceperis,
541 3476 778 3551 barbarorum
795 3476 991 3554 hominum
1010 3480 1141 3554 animis

74 3591 261 3666 arbitreris
284 3590 427 3666 easdem
462 3613 587 3665 rerum
610 3591 781 3665 notiones
806 3587 1011 3678 obuersari,
1051 3614 1143 3691 quas

74 3703 150 3804 ipse
172 3718 316 3792 teneas,
352 3727 438 3780 curn
457 3702 586 3779 eadem
605 3704 713 3779 verba
730 3705 906 3793 audieris,
934 3702 1035 3802 lique
1058 3705 1144 3782 reli·

75 3841 150 3918 qua
173 3819 261 3891 inde
292 3815 817 3915 argumentandoconslituas.
900 3814 1023 3893 Immo
1050 3842 1143 3896 vero

74 3934 120 4007 ad
129 3933 242 4034 sensus
255 3931 406 4007 illorum
419 3931 667 4018 barbarorum,
686 3947 864 4029 quantum
877 3933 1028 4031 quidem
1042 3935 1142 4023 licet,

74 4043 316 4144 assequendos
333 4044 582 4120 intendendus
600 4043 650 4119 est
667 4048 821 4135 animus,
841 4047 968 4145 quales
991 4051 1045 4124 isti
1062 4048 1142 4124 sue-

74 4163 150 4233 rint
173 4173 238 4233 aut
265 4154 334 4234 else
360 4158 574 4246 debuerint,
612 4159 650 4232 in
672 4157 861 4258 sequendo
888 4161 948 4237 vel
973 4162 1141 4240 faciendo

77 4297 141 4361 eo,
193 4271 298 4372 quod
332 4273 506 4348 nostrates
541 4295 588 4347 ex
613 4267 759 4373 Europa
786 4275 950 4350 aduenae
975 4277 1144 4356 familiari

76 4384 137 4465 libi
162 4389 339 4477 nomint.
375 4399 484 4463 etex
510 4385 571 4464 sua
591 4389 788 4486 opinione,
805 4388 1063 4491 appellarunt3
1089 4397 1144 4470 ri·

978 4503 1143 4587 dendurn
