710 1331
119 213 145 238 94
312 213 454 228 ᾗ

117 261 137 277 et
153 258 183 282 pia
201 261 263 277 mente
282 258 371 283 quicquid
389 259 463 284 publice
480 260 605 285 priuatimque
618 266 652 286 per

118 286 169 306 hunc
181 292 258 311 quoque
268 292 337 306 annum
348 288 367 307 in
376 292 471 313 vtramque
479 288 572 308 fortunam
581 290 650 312 euenit,

117 315 226 335 recolamus.
255 314 278 335 Et
286 316 360 340 publice
367 316 452 341 quidem,
467 316 541 336 recensu
550 316 608 340 fastu,
623 323 652 337 te-

118 350 160 363 rum
168 344 269 363 nostrarum
276 344 398 364 incolumitati
406 348 424 364 et
428 345 543 370 prosperitati
550 345 651 366 detrudam

117 373 221 392 videbimus
234 372 291 396 nihil;
314 376 378 392 contra
393 373 475 393 accidisse
490 373 558 396 multa,
582 375 650 399 quibus

117 401 229 425 reipublicae
244 401 314 420 nostrae
332 401 363 420 seu
380 401 470 421 stabilitati
487 401 518 421 seu
532 402 617 427 dignitati
631 406 651 422 et

118 429 212 454 splendori
219 429 267 448 haud
277 435 341 454 pamm
349 430 447 449 accederet.
476 429 578 455 Augmenta
585 430 651 450 hahuit

118 457 211 477 laetissima
224 457 338 477 Bibliotheca
354 458 414 477 nostra
427 457 538 481 academica,
557 458 650 484 Georgiae

118 485 208 511 Augustae
217 485 326 509 Palladium,
341 486 397 506 decus
406 490 573 511 ornamentumque
580 487 651 512 palma-

118 515 176 536 rium,
198 514 260 539 quod,
282 514 371 539 quamdiu
388 519 462 534 naturae
474 514 563 534 beneficio
574 516 650 540 ingenia

118 548 158 562 non
168 542 262 565 deficient,
282 546 334 562 acuet
346 544 419 568 ingenia
428 543 520 568 facietque
530 543 593 563 doctos
600 549 649 568 quoa

118 571 202 590 iudaeos
214 572 313 596 acceperit,
333 571 465 596 salutaremque
474 572 493 590 in
502 575 541 591 tota
550 571 649 592 Germania

118 605 193 625 operam
202 599 254 619 sacris
262 600 380 625 profanisque
389 600 453 620 litteris
460 600 560 625 praestabit
590 600 649 620 Natu-

117 634 147 648 rae
154 634 199 653 opes
207 628 309 647 nonnullae
320 634 362 647 cum
370 634 448 654 corpore
455 628 547 653 Aegyptio
555 629 647 648 medicato

117 656 204 677 accessere
210 656 281 677 Museo.
311 656 411 676 Celebritas
422 656 483 676 nostro
490 656 584 676 Musarum
593 657 649 676 sacra-

117 686 145 705 rio
159 691 208 704 noua
220 691 243 704 ex
258 691 281 704 eo
296 691 372 710 quoque
386 684 465 707 acceffit.
486 685 537 710 quod
551 685 605 704 multi
615 691 649 710 per

117 714 168 734 hunc
179 719 247 733 annum
260 714 351 736 aduenae,
369 717 388 732 et
398 714 416 732 in
424 713 452 732 his
459 713 567 732 Sereniffimi
576 713 646 733 Princi-

116 749 149 768 pes
163 741 263 767 Ducesque
277 742 358 767 aliquot,
374 741 421 760 illud
431 742 480 761 adire
489 745 507 760 et
515 741 576 766 plures
587 742 647 762 nostra

116 772 164 791 inter
172 771 218 790 saci-a
225 771 263 790 dies
272 771 355 795 exigere,
368 769 476 789 leffionibus
484 769 550 789 habitis
558 770 638 790 interesse

116 800 183 824 suaque
196 799 295 824 praesentia
303 798 360 818 studia
368 799 428 817 nostra
439 798 538 817 accendere
548 804 638 824 nouosqw

117 828 181 848 animis
189 827 271 847 stimulos
280 827 379 847 admouere
387 826 436 846 haud
444 826 485 846 sunt
495 826 594 851 dedignati.

170 883 222 903 Haec
232 889 266 902 nos
279 888 318 902 nou
330 881 422 901 iafiantiae
432 881 489 901 caussa
496 896 501 904 ‚
516 887 563 906 quae
573 887 583 900 a
592 882 635 901 nob'

110 911 219 931 ‚alieniffima
234 912 268 933 est,
289 911 319 930 sed
334 916 357 930 eo
367 910 444 929 consilio
456 910 561 932 memorari,
584 909 618 929 Ciu

115 941 168 960 facile
184 940 296 964 intelligitis,
316 943 336 958 vt
351 944 376 958 ne
391 939 482 957 bonorum
497 938 618 957 nostrorumi

114 968 200 989 incuriosi
208 969 271 994 supina
280 967 392 993 negligentia
401 967 544 986 transmittamus
552 971 582 988 ea,
597 972 618 991 qi

112 999 179 1018 animis
190 1003 251 1017 rerum
263 997 364 1021 nostrarum
373 995 470 1017 fiduciam,
484 994 585 1014 studiorum
592 1000 618 1013 art

110 1033 162 1049 seni,
183 1026 261 1045 ferendis
276 1026 297 1044 iis
307 1030 353 1049 quae
363 1024 412 1043 secus
420 1024 520 1042 ceciderint
531 1023 597 1045 robur,
613 1029 618 1042 z

110 1055 156 1075 >dere
169 1054 245 1080 poffint;
265 1052 355 1078 simulque
364 1056 384 1071 vt
395 1058 427 1071 vos
435 1052 545 1074 excitemus,
562 1051 618 1076 quos

110 1088 193 1109 sinentes
206 1082 273 1102 coeatis
288 1082 310 1101 ad
323 1080 431 1100 celebranda
444 1080 533 1099 sollennia
545 1085 576 1102 ea,
596 1085 607 1098 o

113 1118 164 1132 nunc
177 1113 196 1131 in
206 1111 301 1130 crastinum
309 1110 358 1129 diem
367 1109 464 1128 indicimus
473 1109 492 1127 in
503 1108 573 1133 templo
581 1114 596 1127 a(

113 1142 163 1161 mico
175 1139 263 1160 habenda,
294 1138 398 1166 Ornalaitis,
412 1136 424 1156 ss
433 1142 467 1156 nos
474 1137 546 1158 amatis,
562 1142 596 1161 prm
