710 1331
251 217 394 227 —
539 218 588 239 '¹57

37 263 40 264 ⁷
51 262 88 285 vSin
97 267 196 290 negatum:
209 267 278 289 quanta
287 263 347 283 clades
354 267 374 283 et
380 264 454 283 vastatio
460 263 528 286 Italiae.
541 269 589 290 quae

53 294 168 313 mlamitetes
179 296 198 312 et
210 292 292 313 excidia.
309 293 364 312 etiam
375 298 436 312 earurn
445 293 528 315 vrbium,
542 299 590 318 quae

54 322 76 341 in
87 322 124 341 fide
137 320 248 342 mansissent,
263 320 296 346 ipsi
306 321 346 340 vrbi
353 324 444 346 quantum
453 320 549 340 discrimen
556 322 590 341 irn-

54 349 148 377 minebat!
167 355 277 369 concurrere
287 349 341 368 armis
353 355 396 369 curn
405 348 494 369 Romanis
503 350 590 375 populos.

55 379 124 398 iisdem
131 378 226 401 institutis,
242 378 281 403 pari
289 377 364 397 militiae
373 377 405 397 vsu
413 382 431 397 et
440 377 545 403 disciplina,
557 384 592 398 nec

56 407 132 427 scientia
143 407 169 426 rei
181 406 264 426 militaris
275 409 306 425 aut
314 406 381 425 virtute
390 406 496 429 inferiores,
513 412 591 426 numero

57 439 129 458 nutem,
149 438 169 454 vt
183 434 250 457 caussa,
270 433 377 459 superiores.
421 434 463 454 Nec
478 438 539 454 tamen
560 438 592 455 aut

58 464 133 484 differre
146 469 184 483 rem
197 466 229 482 aut
244 463 304 482 media
318 463 392 482 consilia
406 463 456 488 sequi
471 463 547 486 licebat,
572 467 592 483 vt

58 493 112 512 alteri
124 492 258 514 detraheretur,
280 491 331 516 quod
344 491 390 510 alter
402 491 434 511 fibi
448 491 501 511 adiici
512 492 591 511 volebat.

60 520 147 541 Omnino
158 521 213 540 rebus
220 519 275 539 semel
284 520 304 539 in
313 525 399 545 praeceps
412 519 503 541 adduciis,
513 521 545 545 qui
554 526 593 540 rne-

60 549 131 569 diocria
143 549 224 571 suadem,
233 549 315 573 vti-isque
324 548 405 573 partibus
415 548 456 567 sunt
463 548 537 573 suspessi
547 554 592 568 mox

61 577 117 598 exoli.
152 577 194 597 Nec
205 576 311 602 compositis
324 576 346 595 ad
360 580 432 601 tempus
446 577 500 595 rebus
511 576 594 596 succensa

60 606 133 626 iniuriis
147 611 168 625 ac
180 605 263 630 superbia
276 605 318 624 odia
329 608 361 624 aut
375 604 448 624 retundi
464 608 495 624 aut
508 605 594 630 restingui

60 634 146 660 possunt,
154 634 201 659 quin
214 639 259 653 mox
270 633 401 653 recrudescant.
423 633 485 655 Adeo,
500 633 513 652 Γι
520 633 594 653 semela

61 664 102 683 iure
115 662 138 682 et⁴
147 663 238 688 aequitate
253 661 352 684 recefferis,
382 662 445 681 frustra
463 662 595 687 circumspicias

63 692 169 717 vestigium,
185 691 215 711 cui
224 690 272 710 refflo
283 690 321 710 telo
329 690 383 710 insisti
391 689 449 716 pellit.

122 744 171 765 Cum
182 746 281 771 paratiores
294 745 316 764 ad
330 744 400 765 bellum
412 744 468 764 essent
479 745 527 765 Socii
539 752 595 771 quam

65 774 156 796 Romani,
183 773 223 793 satis
239 773 312 793 aduersa
324 773 368 793 belli
380 774 479 799 primordia
493 774 521 793 his
534 774 596 797 suere;

65 803 103 829 ipse
111 802 152 822 Cos.
161 802 180 822 P.
189 802 270 822 Rutilius
280 802 308 826 (a.
319 802 372 826 664)
383 802 435 822 clade
442 806 516 827 accepta
524 808 547 822 ex
555 802 596 822 vul-

66 838 111 851 nere
122 830 204 854 deceffit;
221 831 266 850 alter
277 829 298 850 L.
311 830 381 852 lulius,
398 836 441 850 cum
451 830 528 850 feliciter
535 832 596 856 primu

65 859 171 886 pugnasset,
187 859 255 879 insidiis
263 860 399 878 circumuentus
412 858 448 883 ipse
457 864 510 883 aegre
519 859 563 884 fuga
573 859 599 879 est

67 888 143 914 elapsus.
177 887 214 907 Hic
226 887 324 910 successus,
342 891 361 906 et
373 887 409 912 ipsa
421 887 465 906 belli
473 888 547 912 iraeque
554 893 600 907 con-

66 916 124 942 kagio,
137 922 182 936 mox
190 917 209 935 in
218 922 311 936 armorum
319 915 422 935 societatem
429 916 484 935 traxit
491 915 543 938 alios,
554 916 600 936 alios

67 946 170 965 iuuentutis
178 948 196 964 et
205 945 257 969 vulgi
265 945 366 966 temeritas,
379 944 424 964 alios
433 948 497 963 metus.
519 944 600 970 Repreffi

68 978 131 993 tamen
142 972 209 993 Vmbri
223 977 242 992 et
252 972 331 995 Etrusci,
346 976 364 992 et
375 978 423 992 arma
430 973 514 992 manibus
523 972 599 993 excuss‘a.

64 1002 197 1022 [Nihilominus
211 1005 260 1021 taum
272 1005 309 1027 erat
323 1001 366 1020 belli
381 1001 450 1024 moles,
469 1004 488 1020 vt
496 1001 554 1022 altero
563 1003 601 1022 iam

69 1036 120 1050 anno
133 1030 219 1052 Senatus,
240 1036 283 1049 cum
294 1035 351 1055 remp.
363 1030 380 1048 el
391 1029 503 1049 sustinendae
511 1030 561 1050 haud
570 1036 602 1056 pa-

69 1065 110 1079 rem
124 1058 158 1078 effe
171 1062 262 1081 cerneret,
281 1062 380 1083 antequam
393 1061 473 1077 extrema
482 1059 602 1083 experiretur,

70 1087 212 1107 concedendurn
220 1086 253 1106 effe
260 1090 319 1109 ratus,
332 1085 353 1105 L.
363 1086 432 1113 lulium
442 1086 477 1106 cos.
486 1087 547 1112 legem
556 1087 604 1107 ferre

71 1116 148 1139 iuberet,
156 1119 180 1137 vt,
191 1116 223 1140 qui
230 1115 253 1134 ad
263 1121 305 1134 eum
313 1115 362 1134 diem
371 1115 435 1140 pupuli
444 1121 476 1140 per
484 1114 556 1135 ltaliam
564 1116 604 1136 ium

71 1143 151 1164 foederis
158 1143 217 1164 sancia
225 1147 280 1169 atque
287 1143 375 1163 inuiolata
382 1143 493 1166 habuissent,
509 1144 559 1163 ciues
566 1143 605 1163 Ro-

554 1173 605 1193 mani
