<?xml version="1.0" encoding="UTF-8"?>
<!DOCTYPE html PUBLIC "-//W3C//DTD XHTML 1.0 Transitional//EN"
    "http://www.w3.org/TR/xhtml1/DTD/xhtml1-transitional.dtd">
<html xmlns="http://www.w3.org/1999/xhtml" xml:lang="en" lang="en">
 <head>
  <title>
</title>
<meta http-equiv="Content-Type" content="text/html;charset=utf-8" />
  <meta name='ocr-system' content='tesseract 3.04.00' />
  <meta name='ocr-capabilities' content='ocr_page ocr_carea ocr_par ocr_line ocrx_word'/>
</head>
<body>
  <div class='ocr_page' id='page_1' title='image "./chrgheyniiprofe00heyngoog_0428.png"; bbox 0 0 2550 4830; ppageno 0'>
   <div class='ocr_carea' id='block_1_1' title="bbox 181 524 863 611">
    <p class='ocr_par' dir='ltr' id='par_1_1' title="bbox 181 524 863 611">
     <span class='ocr_line' id='line_1_1' title="bbox 181 524 863 611; baseline -0.001 -25"><span class='ocrx_word' id='word_1_1' title='bbox 181 532 267 611; x_wconf 82' lang='lat'>414</span> <span class='ocrx_word' id='word_1_2' title='bbox 567 524 863 588; x_wconf 53' lang='grc' dir='ltr'>εξ</span> 
     </span>
    </p>
   </div>
   <div class='ocr_carea' id='block_1_2' title="bbox 112 702 1214 1051">
    <p class='ocr_par' dir='ltr' id='par_1_2' title="bbox 112 702 1216 1051">
     <span class='ocr_line' id='line_1_2' title="bbox 112 702 1214 807; baseline 0.015 -21"><span class='ocrx_word' id='word_1_3' title='bbox 112 770 116 786; x_wconf 85' lang='grc'><strong>.</strong></span> <span class='ocrx_word' id='word_1_4' title='bbox 181 702 266 797; x_wconf 82' lang='lat' dir='ltr'>nata</span> <span class='ocrx_word' id='word_1_5' title='bbox 295 707 418 797; x_wconf 85' lang='lat' dir='ltr'>mors,&#39;</span> <span class='ocrx_word' id='word_1_6' title='bbox 458 708 645 807; x_wconf 76' lang='lat' dir='ltr'>repentini</span> <span class='ocrx_word' id='word_1_7' title='bbox 672 706 842 787; x_wconf 84' lang='lat' dir='ltr'>disceffus</span> <span class='ocrx_word' id='word_1_8' title='bbox 873 711 1189 801; x_wconf 67' lang='lat' dir='ltr'>sinemurum</span> <span class='ocrx_word' id='word_1_9' title='bbox 1205 768 1214 788; x_wconf 75' lang='lat'><em>‹</em></span> 
     </span>
     <span class='ocr_line' id='line_1_3' title="bbox 178 811 1171 932; baseline 0.013 -34"><span class='ocrx_word' id='word_1_10' title='bbox 178 811 454 915; x_wconf 72' lang='lat' dir='ltr'>Srn1nwenn13</span> <span class='ocrx_word' id='word_1_11' title='bbox 494 818 657 897; x_wconf 85' lang='lat' dir='ltr'>discellus</span> <span class='ocrx_word' id='word_1_12' title='bbox 681 836 719 897; x_wconf 94' lang='lat' dir='ltr'>et</span> <span class='ocrx_word' id='word_1_13' title='bbox 741 824 885 902; x_wconf 87' lang='lat' dir='ltr'>reditus</span> <span class='ocrx_word' id='word_1_14' title='bbox 915 829 1171 932; x_wconf 78' lang='lat' dir='ltr'>Scurssvss113</span> 
     </span>
     <span class='ocr_line' id='line_1_4' title="bbox 181 931 1205 1051; baseline 0 -42"><span class='ocrx_word' id='word_1_15' title='bbox 181 931 262 1034; x_wconf 80' lang='lat' dir='ltr'>iper</span> <span class='ocrx_word' id='word_1_16' title='bbox 289 934 338 1021; x_wconf 88' lang='lat' dir='ltr'>de</span> <span class='ocrx_word' id='word_1_17' title='bbox 366 934 401 1010; x_wconf 88' lang='lat' dir='ltr'>se</span> <span class='ocrx_word' id='word_1_18' title='bbox 423 948 622 1035; x_wconf 88' lang='lat' dir='ltr'>conceptas</span> <span class='ocrx_word' id='word_1_19' title='bbox 640 932 907 1030; x_wconf 84' lang='lat' dir='ltr'>destituerunt,</span> <span class='ocrx_word' id='word_1_20' title='bbox 948 944 1015 1024; x_wconf 84' lang='lat' dir='ltr'>seu</span> <span class='ocrx_word' id='word_1_21' title='bbox 1030 971 1082 1025; x_wconf 85' lang='lat' dir='ltr'>ex</span> <span class='ocrx_word' id='word_1_22' title='bbox 1099 951 1205 1051; x_wconf 66' lang='lat' dir='ltr'>quob</span> 
     </span>
    </p>
   </div>
   <div class='ocr_carea' id='block_1_3' title="bbox 144 1047 1275 4219">
    <p class='ocr_par' dir='ltr' id='par_1_3' title="bbox 144 1047 1275 4219">
     <span class='ocr_line' id='line_1_5' title="bbox 180 1047 1241 1163; baseline 0.012 -39"><span class='ocrx_word' id='word_1_23' title='bbox 180 1048 426 1136; x_wconf 84' lang='lat' dir='ltr'>aduenerant,</span> <span class='ocrx_word' id='word_1_24' title='bbox 459 1047 521 1123; x_wconf 90' lang='lat' dir='ltr'>seu</span> <span class='ocrx_word' id='word_1_25' title='bbox 543 1049 690 1146; x_wconf 85' lang='lat' dir='ltr'>quoties</span> <span class='ocrx_word' id='word_1_26' title='bbox 704 1049 743 1122; x_wconf 92' lang='lat' dir='ltr'>in</span> <span class='ocrx_word' id='word_1_27' title='bbox 759 1047 890 1128; x_wconf 87' lang='lat' dir='ltr'>locum</span> <span class='ocrx_word' id='word_1_28' title='bbox 910 1077 1079 1138; x_wconf 80' lang='lat' dir='ltr'>vacuum</span> <span class='ocrx_word' id='word_1_29' title='bbox 1099 1067 1161 1163; x_wconf 91' lang='lat' dir='ltr'>qui</span> <span class='ocrx_word' id='word_1_30' title='bbox 1177 1065 1192 1139; x_wconf 87' lang='lat' dir='ltr'>l</span> <span class='ocrx_word' id='word_1_31' title='bbox 1240 1130 1241 1137; x_wconf 15' lang='lat' dir='ltr'>t</span> 
     </span>
     <span class='ocr_line' id='line_1_6' title="bbox 180 1160 1221 1259; baseline 0.016 -20"><span class='ocrx_word' id='word_1_32' title='bbox 180 1162 356 1240; x_wconf 81' lang='lat' dir='ltr'>cederent</span> <span class='ocrx_word' id='word_1_33' title='bbox 374 1160 522 1238; x_wconf 84' lang='lat' dir='ltr'>aliunde</span> <span class='ocrx_word' id='word_1_34' title='bbox 544 1174 648 1237; x_wconf 72' lang='lat' dir='ltr'>eunt</span> <span class='ocrx_word' id='word_1_35' title='bbox 663 1163 866 1259; x_wconf 83' lang='lat' dir='ltr'>euocandi3</span> <span class='ocrx_word' id='word_1_36' title='bbox 906 1170 984 1247; x_wconf 85' lang='lat' dir='ltr'>alia</span> <span class='ocrx_word' id='word_1_37' title='bbox 1005 1197 1055 1251; x_wconf 84' lang='lat' dir='ltr'>ex</span> <span class='ocrx_word' id='word_1_38' title='bbox 1068 1175 1221 1254; x_wconf 82' lang='lat' dir='ltr'>hominm</span> 
     </span>
     <span class='ocr_line' id='line_1_7' title="bbox 183 1276 1216 1388; baseline 0.016 -36"><span class='ocrx_word' id='word_1_39' title='bbox 183 1294 382 1374; x_wconf 84' lang='lat' dir='ltr'>rerumque</span> <span class='ocrx_word' id='word_1_40' title='bbox 403 1276 510 1351; x_wconf 78' lang='lat' dir='ltr'>vitiis.</span> <span class='ocrx_word' id='word_1_41' title='bbox 525 1288 609 1351; x_wconf 86' lang='lat' dir='ltr'>nata</span> <span class='ocrx_word' id='word_1_42' title='bbox 630 1276 878 1354; x_wconf 83' lang='lat' dir='ltr'>incommoda</span> <span class='ocrx_word' id='word_1_43' title='bbox 957 1282 1137 1388; x_wconf 76' lang='lat' dir='ltr'>Inprimis</span> <span class='ocrx_word' id='word_1_44' title='bbox 1162 1290 1216 1368; x_wconf 80' lang='lat' dir='ltr'>ut</span> 
     </span>
     <span class='ocr_line' id='line_1_8' title="bbox 179 1385 1251 1495; baseline 0.021 -33"><span class='ocrx_word' id='word_1_45' title='bbox 179 1385 376 1486; x_wconf 78' lang='lat' dir='ltr'>theologicus</span> <span class='ocrx_word' id='word_1_46' title='bbox 402 1401 440 1463; x_wconf 90' lang='lat' dir='ltr'>et</span> <span class='ocrx_word' id='word_1_47' title='bbox 465 1387 607 1464; x_wconf 83' lang='lat' dir='ltr'>medicus</span> <span class='ocrx_word' id='word_1_48' title='bbox 631 1386 764 1463; x_wconf 87' lang='lat' dir='ltr'>multas</span> <span class='ocrx_word' id='word_1_49' title='bbox 786 1386 959 1472; x_wconf 82' lang='lat' dir='ltr'>habuere</span> <span class='ocrx_word' id='word_1_50' title='bbox 980 1401 1216 1492; x_wconf 76' lang='lat' dir='ltr'>viciilitudiuo3</span> <span class='ocrx_word' id='word_1_51' title='bbox 1249 1493 1251 1495; x_wconf 71' lang='lat'><em>.</em></span> 
     </span>
     <span class='ocr_line' id='line_1_9' title="bbox 185 1499 1216 1617; baseline 0.01 -36"><span class='ocrx_word' id='word_1_52' title='bbox 185 1499 515 1606; x_wconf 80' lang='lat' dir='ltr'>Iure-consultorum</span> <span class='ocrx_word' id='word_1_53' title='bbox 550 1501 644 1578; x_wconf 82' lang='lat' dir='ltr'>Ordo</span> <span class='ocrx_word' id='word_1_54' title='bbox 679 1523 757 1577; x_wconf 89' lang='lat' dir='ltr'>non</span> <span class='ocrx_word' id='word_1_55' title='bbox 789 1502 854 1600; x_wconf 83' lang='lat' dir='ltr'>nili</span> <span class='ocrx_word' id='word_1_56' title='bbox 884 1529 908 1582; x_wconf 85' lang='lat' dir='ltr'>a</span> <span class='ocrx_word' id='word_1_57' title='bbox 944 1509 1124 1593; x_wconf 80' lang='lat' dir='ltr'>Wnnrn</span> <span class='ocrx_word' id='word_1_58' title='bbox 1145 1514 1216 1617; x_wconf 71' lang='lat' dir='ltr'>Ab</span> 
     </span>
     <span class='ocr_line' id='line_1_10' title="bbox 183 1612 1251 1730; baseline 0.016 -38"><span class='ocrx_word' id='word_1_59' title='bbox 183 1615 281 1692; x_wconf 89' lang='lat' dir='ltr'>banc</span> <span class='ocrx_word' id='word_1_60' title='bbox 314 1612 546 1692; x_wconf 84' lang='lat' dir='ltr'>Academiam</span> <span class='ocrx_word' id='word_1_61' title='bbox 580 1617 798 1691; x_wconf 81' lang='lat' dir='ltr'>euocatione</span> <span class='ocrx_word' id='word_1_62' title='bbox 838 1615 917 1696; x_wconf 84' lang='lat' dir='ltr'>fine</span> <span class='ocrx_word' id='word_1_63' title='bbox 955 1625 1101 1706; x_wconf 85' lang='lat' dir='ltr'>offensa</span> <span class='ocrx_word' id='word_1_64' title='bbox 1128 1632 1216 1730; x_wconf 79' lang='lat' dir='ltr'>riguit</span> <span class='ocrx_word' id='word_1_65' title='bbox 1249 1723 1251 1726; x_wconf 6' lang='grc' dir='ltr'><em>Α</em></span> 
     </span>
     <span class='ocr_line' id='line_1_11' title="bbox 184 1726 1251 1844; baseline 0.019 -41"><span class='ocrx_word' id='word_1_66' title='bbox 184 1728 325 1807; x_wconf 87' lang='lat' dir='ltr'>Melior</span> <span class='ocrx_word' id='word_1_67' title='bbox 347 1727 418 1804; x_wconf 87' lang='lat' dir='ltr'>fuit</span> <span class='ocrx_word' id='word_1_68' title='bbox 445 1726 594 1804; x_wconf 87' lang='lat' dir='ltr'>fortuna</span> <span class='ocrx_word' id='word_1_69' title='bbox 622 1727 755 1805; x_wconf 77' lang='lat' dir='ltr'>Ordinis</span> <span class='ocrx_word' id='word_1_70' title='bbox 783 1726 1015 1834; x_wconf 82' lang='lat' dir='ltr'>philosophici</span> <span class='ocrx_word' id='word_1_71' title='bbox 1022 1797 1033 1826; x_wconf 87' lang='lat'>‚</span> <span class='ocrx_word' id='word_1_72' title='bbox 1081 1745 1143 1844; x_wconf 92' lang='lat' dir='ltr'>qui</span> <span class='ocrx_word' id='word_1_73' title='bbox 1162 1765 1216 1821; x_wconf 85' lang='lat' dir='ltr'>cun</span> <span class='ocrx_word' id='word_1_74' title='bbox 1248 1738 1251 1793; x_wconf 49' lang='grc' dir='ltr'><em>ἓ</em></span> 
     </span>
     <span class='ocr_line' id='line_1_12' title="bbox 183 1840 1250 1942; baseline 0.017 -25"><span class='ocrx_word' id='word_1_75' title='bbox 183 1842 273 1930; x_wconf 86' lang='lat' dir='ltr'>inde</span> <span class='ocrx_word' id='word_1_76' title='bbox 303 1865 324 1918; x_wconf 88' lang='lat' dir='ltr'>a</span> <span class='ocrx_word' id='word_1_77' title='bbox 349 1842 476 1941; x_wconf 88' lang='lat' dir='ltr'>primis</span> <span class='ocrx_word' id='word_1_78' title='bbox 505 1842 610 1917; x_wconf 84' lang='lat' dir='ltr'>annis</span> <span class='ocrx_word' id='word_1_79' title='bbox 633 1840 761 1918; x_wconf 87' lang='lat' dir='ltr'>statum</span> <span class='ocrx_word' id='word_1_80' title='bbox 784 1840 891 1922; x_wconf 85' lang='lat' dir='ltr'>suum</span> <span class='ocrx_word' id='word_1_81' title='bbox 916 1847 1083 1931; x_wconf 89' lang='lat' dir='ltr'>firmiter</span> <span class='ocrx_word' id='word_1_82' title='bbox 1105 1870 1215 1942; x_wconf 81' lang='lat' dir='ltr'>tenent</span> <span class='ocrx_word' id='word_1_83' title='bbox 1249 1880 1250 1883; x_wconf 63' lang='lat'>‘</span> 
     </span>
     <span class='ocr_line' id='line_1_13' title="bbox 182 1949 1216 2058; baseline 0.011 -27"><span class='ocrx_word' id='word_1_84' title='bbox 182 1954 394 2043; x_wconf 78' lang='lat' dir='ltr'>celebritate</span> <span class='ocrx_word' id='word_1_85' title='bbox 431 1953 491 2031; x_wconf 86' lang='lat' dir='ltr'>sua</span> <span class='ocrx_word' id='word_1_86' title='bbox 530 1949 761 2031; x_wconf 85' lang='lat' dir='ltr'>Academiam</span> <span class='ocrx_word' id='word_1_87' title='bbox 799 1959 839 2031; x_wconf 91' lang='lat' dir='ltr'>in</span> <span class='ocrx_word' id='word_1_88' title='bbox 875 1963 1015 2058; x_wconf 90' lang='lat' dir='ltr'>primis</span> <span class='ocrx_word' id='word_1_89' title='bbox 1051 1968 1216 2047; x_wconf 82' lang='lat' dir='ltr'>illustrauit</span> 
     </span>
     <span class='ocr_line' id='line_1_14' title="bbox 182 2064 1223 2178; baseline 0.013 -35"><span class='ocrx_word' id='word_1_90' title='bbox 182 2064 432 2168; x_wconf 71' lang='lat' dir='ltr'>v,Omninoque</span> <span class='ocrx_word' id='word_1_91' title='bbox 457 2066 550 2144; x_wconf 81' lang='lat' dir='ltr'>iuius</span> <span class='ocrx_word' id='word_1_92' title='bbox 568 2067 702 2146; x_wconf 81' lang='lat' dir='ltr'>Ordinis</span> <span class='ocrx_word' id='word_1_93' title='bbox 723 2071 836 2147; x_wconf 79' lang='lat' dir='ltr'>nerito</span> <span class='ocrx_word' id='word_1_94' title='bbox 852 2070 941 2151; x_wconf 83' lang='lat' dir='ltr'>sunt</span> <span class='ocrx_word' id='word_1_95' title='bbox 956 2078 1092 2178; x_wconf 85' lang='lat' dir='ltr'>plura,</span> <span class='ocrx_word' id='word_1_96' title='bbox 1115 2084 1223 2162; x_wconf 83' lang='lat' dir='ltr'>cumin</span> 
     </span>
     <span class='ocr_line' id='line_1_15' title="bbox 183 2177 1216 2274; baseline 0.017 -16"><span class='ocrx_word' id='word_1_97' title='bbox 183 2205 322 2259; x_wconf 82' lang='lat' dir='ltr'>aeuum</span> <span class='ocrx_word' id='word_1_98' title='bbox 343 2179 438 2259; x_wconf 90' lang='lat' dir='ltr'>illud</span> <span class='ocrx_word' id='word_1_99' title='bbox 460 2177 674 2257; x_wconf 85' lang='lat' dir='ltr'>Academiae</span> <span class='ocrx_word' id='word_1_100' title='bbox 695 2181 926 2265; x_wconf 87' lang='lat' dir='ltr'>imbecillum</span> <span class='ocrx_word' id='word_1_101' title='bbox 948 2205 1035 2270; x_wconf 90' lang='lat' dir='ltr'>tum</span> <span class='ocrx_word' id='word_1_102' title='bbox 1059 2196 1108 2274; x_wconf 87' lang='lat' dir='ltr'>ad</span> <span class='ocrx_word' id='word_1_103' title='bbox 1125 2216 1216 2274; x_wconf 74' lang='lat' dir='ltr'>omno</span> 
     </span>
     <span class='ocr_line' id='line_1_16' title="bbox 184 2292 1224 2396; baseline 0.016 -24"><span class='ocrx_word' id='word_1_104' title='bbox 184 2294 322 2373; x_wconf 83' lang='lat' dir='ltr'>litteras</span> <span class='ocrx_word' id='word_1_105' title='bbox 352 2292 456 2372; x_wconf 90' lang='lat' dir='ltr'>etad</span> <span class='ocrx_word' id='word_1_106' title='bbox 485 2315 636 2371; x_wconf 90' lang='lat' dir='ltr'>omnem</span> <span class='ocrx_word' id='word_1_107' title='bbox 659 2294 916 2396; x_wconf 83' lang='lat' dir='ltr'>posteritatem.</span> <span class='ocrx_word' id='word_1_108' title='bbox 985 2303 1128 2386; x_wconf 77' lang='lat' dir='ltr'>‘Primis</span> <span class='ocrx_word' id='word_1_109' title='bbox 1153 2311 1224 2387; x_wconf 76' lang='lat' dir='ltr'>enin</span> 
     </span>
     <span class='ocr_line' id='line_1_17' title="bbox 184 2407 1221 2508; baseline 0.019 -25"><span class='ocrx_word' id='word_1_110' title='bbox 184 2410 263 2500; x_wconf 89' lang='lat' dir='ltr'>eius</span> <span class='ocrx_word' id='word_1_111' title='bbox 290 2407 498 2486; x_wconf 70' lang='lat' dir='ltr'>austoribus</span> <span class='ocrx_word' id='word_1_112' title='bbox 527 2430 659 2508; x_wconf 84' lang='lat' dir='ltr'>magna</span> <span class='ocrx_word' id='word_1_113' title='bbox 686 2432 733 2485; x_wconf 83' lang='lat' dir='ltr'>ex</span> <span class='ocrx_word' id='word_1_114' title='bbox 760 2423 861 2508; x_wconf 87' lang='lat' dir='ltr'>parte</span> <span class='ocrx_word' id='word_1_115' title='bbox 880 2413 1047 2497; x_wconf 90' lang='lat' dir='ltr'>debetur</span> <span class='ocrx_word' id='word_1_116' title='bbox 1065 2423 1221 2500; x_wconf 70' lang='lat' dir='ltr'>Pallada</span> 
     </span>
     <span class='ocr_line' id='line_1_18' title="bbox 182 2519 1242 2624; baseline 0 -25"><span class='ocrx_word' id='word_1_117' title='bbox 182 2521 246 2599; x_wconf 80' lang='lat' dir='ltr'>hoc</span> <span class='ocrx_word' id='word_1_118' title='bbox 264 2519 460 2599; x_wconf 84' lang='lat' dir='ltr'>Academiae</span> <span class='ocrx_word' id='word_1_119' title='bbox 480 2525 625 2624; x_wconf 76' lang='lat' dir='ltr'>nostrus,</span> <span class='ocrx_word' id='word_1_120' title='bbox 660 2520 837 2600; x_wconf 86' lang='lat' dir='ltr'>sentiendi</span> <span class='ocrx_word' id='word_1_121' title='bbox 854 2548 902 2602; x_wconf 86' lang='lat' dir='ltr'>ex</span> <span class='ocrx_word' id='word_1_122' title='bbox 919 2532 1055 2612; x_wconf 87' lang='lat' dir='ltr'>animo</span> <span class='ocrx_word' id='word_1_123' title='bbox 1069 2536 1117 2618; x_wconf 92' lang='lat' dir='ltr'>de</span> <span class='ocrx_word' id='word_1_124' title='bbox 1130 2536 1242 2615; x_wconf 81' lang='lat' dir='ltr'>reru.</span> 
     </span>
     <span class='ocr_line' id='line_1_19' title="bbox 185 2632 1222 2750; baseline 0.023 -39"><span class='ocrx_word' id='word_1_125' title='bbox 185 2633 396 2711; x_wconf 90' lang='lat' dir='ltr'>diuinarum</span> <span class='ocrx_word' id='word_1_126' title='bbox 424 2632 740 2734; x_wconf 86' lang='lat' dir='ltr'>humanarumque</span> <span class='ocrx_word' id='word_1_127' title='bbox 772 2640 924 2717; x_wconf 85' lang='lat' dir='ltr'>veritate</span> <span class='ocrx_word' id='word_1_128' title='bbox 950 2642 1128 2740; x_wconf 85' lang='lat' dir='ltr'>libertas,</span> <span class='ocrx_word' id='word_1_129' title='bbox 1163 2670 1222 2750; x_wconf 69' lang='lat' dir='ltr'>qut</span> 
     </span>
     <span class='ocr_line' id='line_1_20' title="bbox 185 2744 1225 2852; baseline 0.01 -24"><span class='ocrx_word' id='word_1_130' title='bbox 185 2746 298 2849; x_wconf 73' lang='lat' dir='ltr'>siqua</span> <span class='ocrx_word' id='word_1_131' title='bbox 312 2747 380 2827; x_wconf 85' lang='lat' dir='ltr'>alia</span> <span class='ocrx_word' id='word_1_132' title='bbox 393 2771 443 2838; x_wconf 90' lang='lat' dir='ltr'>re,</span> <span class='ocrx_word' id='word_1_133' title='bbox 456 2744 634 2847; x_wconf 86' lang='lat' dir='ltr'>Gottinga</span> <span class='ocrx_word' id='word_1_134' title='bbox 645 2748 690 2825; x_wconf 87' lang='lat' dir='ltr'>ad</span> <span class='ocrx_word' id='word_1_135' title='bbox 704 2762 838 2826; x_wconf 75' lang='lat' dir='ltr'>tanmm</span> <span class='ocrx_word' id='word_1_136' title='bbox 848 2751 1225 2852; x_wconf 81' lang='lat' dir='ltr'>dignitatemetautlo</span> 
     </span>
     <span class='ocr_line' id='line_1_21' title="bbox 184 2861 1228 2964; baseline 0.016 -24"><span class='ocrx_word' id='word_1_137' title='bbox 184 2866 327 2941; x_wconf 88' lang='lat' dir='ltr'>ritatem</span> <span class='ocrx_word' id='word_1_138' title='bbox 349 2861 399 2939; x_wconf 90' lang='lat' dir='ltr'>est</span> <span class='ocrx_word' id='word_1_139' title='bbox 414 2861 554 2951; x_wconf 72' lang='lat' dir='ltr'>euecta,</span> <span class='ocrx_word' id='word_1_140' title='bbox 581 2861 733 2964; x_wconf 88' lang='lat' dir='ltr'>aliisque</span> <span class='ocrx_word' id='word_1_141' title='bbox 748 2863 942 2944; x_wconf 82' lang='lat' dir='ltr'>academiis</span> <span class='ocrx_word' id='word_1_142' title='bbox 956 2884 1001 2947; x_wconf 80' lang='lat' dir='ltr'>et</span> <span class='ocrx_word' id='word_1_143' title='bbox 1014 2881 1121 2953; x_wconf 89' lang='lat' dir='ltr'>terris</span> <span class='ocrx_word' id='word_1_144' title='bbox 1136 2879 1228 2955; x_wconf 84' lang='lat' dir='ltr'>factu</span> 
     </span>
     <span class='ocr_line' id='line_1_22' title="bbox 184 2973 1231 3090; baseline 0.011 -38"><span class='ocrx_word' id='word_1_145' title='bbox 184 2976 376 3077; x_wconf 81' lang='lat' dir='ltr'>praetulit,</span> <span class='ocrx_word' id='word_1_146' title='bbox 397 2975 443 3052; x_wconf 88' lang='lat' dir='ltr'>ad</span> <span class='ocrx_word' id='word_1_147' title='bbox 458 2973 735 3076; x_wconf 82' lang='lat' dir='ltr'>litterarumque</span> <span class='ocrx_word' id='word_1_148' title='bbox 750 2979 1036 3077; x_wconf 87' lang='lat' dir='ltr'>conuerliones,</span> <span class='ocrx_word' id='word_1_149' title='bbox 1070 3012 1160 3090; x_wconf 80' lang='lat' dir='ltr'>quas</span> <span class='ocrx_word' id='word_1_150' title='bbox 1180 3011 1231 3065; x_wconf 82' lang='lat' dir='ltr'>no</span> 
     </span>
     <span class='ocr_line' id='line_1_23' title="bbox 186 3087 1232 3192; baseline 0.009 -25"><span class='ocrx_word' id='word_1_151' title='bbox 186 3088 330 3169; x_wconf 81' lang='lat' dir='ltr'>vissimis</span> <span class='ocrx_word' id='word_1_152' title='bbox 344 3089 452 3166; x_wconf 87' lang='lat' dir='ltr'>annis</span> <span class='ocrx_word' id='word_1_153' title='bbox 466 3087 643 3176; x_wconf 78' lang='lat' dir='ltr'>vidimus,</span> <span class='ocrx_word' id='word_1_154' title='bbox 660 3102 802 3166; x_wconf 88' lang='lat' dir='ltr'>tantum</span> <span class='ocrx_word' id='word_1_155' title='bbox 818 3101 1003 3174; x_wconf 85' lang='lat' dir='ltr'>momenti</span> <span class='ocrx_word' id='word_1_156' title='bbox 1021 3101 1088 3179; x_wconf 84' lang='lat' dir='ltr'>illa</span> <span class='ocrx_word' id='word_1_157' title='bbox 1106 3104 1232 3192; x_wconf 80' lang='lat' dir='ltr'>hahuit3</span> 
     </span>
     <span class='ocr_line' id='line_1_24' title="bbox 185 3200 1246 3301; baseline 0.008 -23"><span class='ocrx_word' id='word_1_158' title='bbox 185 3203 291 3301; x_wconf 91' lang='lat' dir='ltr'>quod</span> <span class='ocrx_word' id='word_1_159' title='bbox 314 3200 340 3280; x_wconf 85' lang='lat' dir='ltr'>fi</span> <span class='ocrx_word' id='word_1_160' title='bbox 363 3204 461 3279; x_wconf 88' lang='lat' dir='ltr'>enim</span> <span class='ocrx_word' id='word_1_161' title='bbox 478 3203 586 3300; x_wconf 88' lang='lat' dir='ltr'>primi</span> <span class='ocrx_word' id='word_1_162' title='bbox 595 3200 804 3301; x_wconf 83' lang='lat' dir='ltr'>philosophi</span> <span class='ocrx_word' id='word_1_163' title='bbox 820 3203 932 3283; x_wconf 77' lang='lat' dir='ltr'>sedne</span> <span class='ocrx_word' id='word_1_164' title='bbox 953 3215 1246 3295; x_wconf 85' lang='lat' dir='ltr'>condendaeant</span> 
     </span>
     <span class='ocr_line' id='line_1_25' title="bbox 185 3313 1234 3429; baseline 0.01 -36"><span class='ocrx_word' id='word_1_165' title='bbox 185 3315 335 3394; x_wconf 82' lang='lat' dir='ltr'>aliunde</span> <span class='ocrx_word' id='word_1_166' title='bbox 362 3315 571 3392; x_wconf 91' lang='lat' dir='ltr'>inferendae</span> <span class='ocrx_word' id='word_1_167' title='bbox 593 3313 821 3407; x_wconf 80' lang='lat' dir='ltr'>studuissent,</span> <span class='ocrx_word' id='word_1_168' title='bbox 860 3342 930 3397; x_wconf 94' lang='lat' dir='ltr'>nec</span> <span class='ocrx_word' id='word_1_169' title='bbox 957 3322 1164 3408; x_wconf 87' lang='lat' dir='ltr'>liberaliter</span> <span class='ocrx_word' id='word_1_170' title='bbox 1182 3325 1234 3429; x_wconf 87' lang='lat' dir='ltr'>ipli</span> 
     </span>
     <span class='ocr_line' id='line_1_26' title="bbox 185 3426 1266 3543; baseline 0.012 -36"><span class='ocrx_word' id='word_1_171' title='bbox 185 3426 562 3529; x_wconf 84' lang='lat' dir='ltr'>ellentphilosopbati,</span> <span class='ocrx_word' id='word_1_172' title='bbox 580 3429 718 3527; x_wconf 88' lang='lat' dir='ltr'>optima</span> <span class='ocrx_word' id='word_1_173' title='bbox 726 3451 894 3531; x_wconf 88' lang='lat' dir='ltr'>quaeque</span> <span class='ocrx_word' id='word_1_174' title='bbox 904 3436 1159 3541; x_wconf 79' lang='lat' dir='ltr'>undecunque</span> <span class='ocrx_word' id='word_1_175' title='bbox 1168 3464 1238 3543; x_wconf 85' lang='lat' dir='ltr'>pro</span> <span class='ocrx_word' id='word_1_176' title='bbox 1263 3434 1266 3445; x_wconf 78' lang='grc'>’</span> 
     </span>
     <span class='ocr_line' id='line_1_27' title="bbox 189 3541 1238 3644; baseline 0.009 -23"><span class='ocrx_word' id='word_1_177' title='bbox 189 3541 328 3621; x_wconf 90' lang='lat' dir='ltr'>bando:</span> <span class='ocrx_word' id='word_1_178' title='bbox 346 3541 434 3618; x_wconf 80' lang='lat' dir='ltr'>iada</span> <span class='ocrx_word' id='word_1_179' title='bbox 448 3541 556 3618; x_wconf 89' lang='lat' dir='ltr'>semel</span> <span class='ocrx_word' id='word_1_180' title='bbox 570 3564 692 3619; x_wconf 89' lang='lat' dir='ltr'>rerum</span> <span class='ocrx_word' id='word_1_181' title='bbox 709 3546 885 3644; x_wconf 87' lang='lat' dir='ltr'>principia</span> <span class='ocrx_word' id='word_1_182' title='bbox 900 3547 1045 3630; x_wconf 73' lang='lat' dir='ltr'>diuersa</span> <span class='ocrx_word' id='word_1_183' title='bbox 1068 3556 1238 3634; x_wconf 84' lang='lat' dir='ltr'>diuersum</span> 
     </span>
     <span class='ocr_line' id='line_1_28' title="bbox 144 3651 1241 3751; baseline 0.009 -18"><span class='ocrx_word' id='word_1_184' title='bbox 144 3668 151 3679; x_wconf 63' lang='lat'>‘</span> <span class='ocrx_word' id='word_1_185' title='bbox 186 3679 309 3734; x_wconf 89' lang='lat' dir='ltr'>rerum</span> <span class='ocrx_word' id='word_1_186' title='bbox 324 3656 493 3735; x_wconf 91' lang='lat' dir='ltr'>ordinem</span> <span class='ocrx_word' id='word_1_187' title='bbox 504 3651 649 3732; x_wconf 82' lang='lat' dir='ltr'>luillent</span> <span class='ocrx_word' id='word_1_188' title='bbox 661 3654 873 3751; x_wconf 77' lang='lat' dir='ltr'>adductura3</span> <span class='ocrx_word' id='word_1_189' title='bbox 897 3662 947 3736; x_wconf 91' lang='lat' dir='ltr'>ita</span> <span class='ocrx_word' id='word_1_190' title='bbox 964 3679 1004 3740; x_wconf 82' lang='lat' dir='ltr'>vt</span> <span class='ocrx_word' id='word_1_191' title='bbox 1021 3689 1097 3747; x_wconf 86' lang='lat' dir='ltr'>nec</span> <span class='ocrx_word' id='word_1_192' title='bbox 1112 3669 1241 3748; x_wconf 77' lang='lat' dir='ltr'>facilen</span> 
     </span>
     <span class='ocr_line' id='line_1_29' title="bbox 188 3767 1242 3870; baseline 0.012 -25"><span class='ocrx_word' id='word_1_193' title='bbox 188 3768 451 3870; x_wconf 82' lang='lat' dir='ltr'>philosophicis</span> <span class='ocrx_word' id='word_1_194' title='bbox 468 3767 735 3868; x_wconf 85' lang='lat' dir='ltr'>ettheologicis</span> <span class='ocrx_word' id='word_1_195' title='bbox 747 3772 1020 3868; x_wconf 87' lang='lat' dir='ltr'>quaestionibus</span> <span class='ocrx_word' id='word_1_196' title='bbox 1039 3782 1180 3860; x_wconf 88' lang='lat' dir='ltr'>adalias</span> <span class='ocrx_word' id='word_1_197' title='bbox 1194 3783 1242 3858; x_wconf 90' lang='lat' dir='ltr'>di·</span> 
     </span>
     <span class='ocr_line' id='line_1_30' title="bbox 181 3881 1242 3988; baseline 0.016 -29"><span class='ocrx_word' id='word_1_198' title='bbox 181 3881 373 3981; x_wconf 12' lang='lat' dir='ltr'>*sciplinam</span> <span class='ocrx_word' id='word_1_199' title='bbox 406 3883 646 3983; x_wconf 89' lang='lat' dir='ltr'>inprimisque</span> <span class='ocrx_word' id='word_1_200' title='bbox 668 3881 714 3960; x_wconf 91' lang='lat' dir='ltr'>ad</span> <span class='ocrx_word' id='word_1_201' title='bbox 729 3881 905 3963; x_wconf 88' lang='lat' dir='ltr'>libertatis</span> <span class='ocrx_word' id='word_1_202' title='bbox 924 3890 1102 3988; x_wconf 81' lang='lat' dir='ltr'>publicae</span> <span class='ocrx_word' id='word_1_203' title='bbox 1120 3897 1242 3985; x_wconf 85' lang='lat' dir='ltr'>facem.</span> 
     </span>
     <span class='ocr_line' id='line_1_31' title="bbox 186 3995 1275 4120; baseline 0.011 -46"><span class='ocrx_word' id='word_1_204' title='bbox 186 3995 388 4085; x_wconf 81' lang='lat' dir='ltr'>historiam,</span> <span class='ocrx_word' id='word_1_205' title='bbox 429 3996 475 4073; x_wconf 86' lang='lat' dir='ltr'>ad</span> <span class='ocrx_word' id='word_1_206' title='bbox 500 3995 676 4096; x_wconf 88' lang='lat' dir='ltr'>politicen</span> <span class='ocrx_word' id='word_1_207' title='bbox 694 3999 802 4074; x_wconf 87' lang='lat' dir='ltr'>etius</span> <span class='ocrx_word' id='word_1_208' title='bbox 819 3998 1035 4098; x_wconf 87' lang='lat' dir='ltr'>publicum,</span> <span class='ocrx_word' id='word_1_209' title='bbox 1082 4011 1243 4110; x_wconf 84' lang='lat' dir='ltr'>inprimis</span> <span class='ocrx_word' id='word_1_210' title='bbox 1272 4101 1275 4120; x_wconf 44' lang='grc' dir='ltr'>Ι</span> 
     </span>
     <span class='ocr_line' id='line_1_32' title="bbox 190 4106 1275 4219; baseline 0.011 -31"><span class='ocrx_word' id='word_1_211' title='bbox 190 4106 425 4202; x_wconf 82' lang='lat' dir='ltr'>Germaniae,</span> <span class='ocrx_word' id='word_1_212' title='bbox 462 4109 595 4191; x_wconf 88' lang='lat' dir='ltr'>deduci</span> <span class='ocrx_word' id='word_1_213' title='bbox 615 4108 679 4190; x_wconf 85' lang='lat' dir='ltr'>illa</span> <span class='ocrx_word' id='word_1_214' title='bbox 699 4108 846 4194; x_wconf 77' lang='lat' dir='ltr'>libertas</span> <span class='ocrx_word' id='word_1_215' title='bbox 868 4114 1042 4218; x_wconf 83' lang='lat' dir='ltr'>potuiliet</span> <span class='ocrx_word' id='word_1_216' title='bbox 1049 4145 1064 4219; x_wconf 82' lang='lat'>3</span> <span class='ocrx_word' id='word_1_217' title='bbox 1101 4147 1172 4202; x_wconf 89' lang='lat' dir='ltr'>nec</span> <span class='ocrx_word' id='word_1_218' title='bbox 1185 4125 1241 4200; x_wconf 90' lang='lat' dir='ltr'>de·</span> <span class='ocrx_word' id='word_1_219' title='bbox 1271 4121 1275 4152; x_wconf 83' lang='lat'><em>&#39;</em></span> 
     </span>
    </p>
   </div>
   <div class='ocr_carea' id='block_1_4' title="bbox 251 4238 1271 4441">
    <p class='ocr_par' dir='ltr' id='par_1_4' title="bbox 251 4238 1271 4441">
     <span class='ocr_line' id='line_1_33' title="bbox 255 4238 1271 4333; baseline -0.009 -12"><span class='ocrx_word' id='word_1_220' title='bbox 255 4328 256 4333; x_wconf 10' lang='lat' dir='ltr'>p</span> <span class='ocrx_word' id='word_1_221' title='bbox 1145 4238 1241 4317; x_wconf 87' lang='lat' dir='ltr'>fuere</span> <span class='ocrx_word' id='word_1_222' title='bbox 1266 4243 1271 4250; x_wconf 69' lang='lat'><em>&#39;</em></span> 
     </span>
     <span class='ocr_line' id='line_1_34' title="bbox 251 4354 388 4441; baseline -0.015 0"><span class='ocrx_word' id='word_1_223' title='bbox 251 4354 288 4441; x_wconf 70' lang='lat' dir='ltr'>t)</span> <span class='ocrx_word' id='word_1_224' title='bbox 308 4366 388 4440; x_wconf 80' lang='lat' dir='ltr'>uu</span> 
     </span>
    </p>
   </div>
   <div class='ocr_carea' id='block_1_5' title="bbox 0 0 1284 4830">
    <p class='ocr_par' dir='ltr' id='par_1_5' title="bbox 0 0 1284 4830">
     <span class='ocr_line' id='line_1_35' title="bbox 0 0 1284 4830; baseline 0 0"><span class='ocrx_word' id='word_1_225' title='bbox 0 0 1284 4830; x_wconf 95' lang='lat' dir='ltr'> </span> 
     </span>
    </p>
   </div>
  </div>
 </body>
</html>
