2580 5086
141 722 219 816 388
528 725 820 783 Β·

139 907 414 996 catholicaede
438 902 666 995 Cimmeriis,
697 902 979 1005 deBosporarro
1003 930 1154 1008 regno,
1180 903 1209 982 dt

141 1023 245 1105 bello
274 1023 548 1111 Mithridatico,
595 1020 727 1097 seriora
753 1021 924 1120 inprimis
958 1043 982 1096 a
1011 1024 1210 1119 Berguigru.

145 1137 308 1237 exposita
334 1137 437 1231 sunt3
479 1151 560 1212 tum
586 1156 606 1210 a
631 1129 763 1209 doum
791 1135 872 1208 viro
898 1129 941 1208 de
969 1133 1161 1240 Peyffomt
1176 1131 1211 1227 di
1235 1144 1248 1226 ᾗ

146 1253 279 1352 Nuper
300 1274 454 1351 quoque
481 1274 502 1324 a
531 1247 594 1326 Ge.
611 1245 706 1342 Aug.
726 1247 764 1322 de
780 1244 1029 1325 Breitmbnucir
1050 1248 1212 1325 industrie

147 1365 350 1466 conquifita
373 1364 456 1440 sunt
476 1384 524 1438 ex
547 1363 651 1437 omni
674 1381 768 1435 aeuo
793 1382 835 1435 ea
860 1380 960 1458 qnae
989 1360 1041 1438 ad
1070 1363 1213 1439 Tauria·

148 1494 186 1556 et
220 1480 406 1579 &acastum
431 1475 643 1575 spectarent:
687 1473 733 1549 ad
755 1472 845 1550 haec
866 1474 972 1549 enim
1000 1476 1164 1552 nomina
1181 1473 1213 1549 ah

147 1588 520 1690 AugustaRussiarunr
538 1601 728 1664 reuocatae
744 1609 845 1664 nunc
858 1584 945 1663 sunt
960 1600 1107 1680 terrae,
1128 1600 1215 1665 antu
1248 1679 1250 1686 ‚

153 1704 243 1783 Crini
268 1717 305 1780 et
327 1702 441 1780 Cubare
459 1701 672 1801 appellatae.

261 1900 521 1998 Antiquiorem
554 1922 705 1978 omnem
736 1921 822 1976 cunr
848 1895 1124 1998 septentrionis
1152 1922 1220 1978 onr-

151 2016 265 2104 uino,
311 2029 390 2090 tum
422 2011 633 2090 Chersonefi
657 2011 852 2099 Tauricae,
897 2016 1131 2090 memoriam
1161 2008 1220 2089 effe

149 2127 376 2217 fabulosam,
412 2150 489 2205 non
510 2126 745 2215 mirabimur,
780 2122 1002 2213 fiGraecis,
1045 2150 1067 2203 a
1092 2128 1220 2227 quibua

154 2242 219 2320 ilia
257 2240 604 2341 expectandum,
654 2237 815 2318 Pontum
849 2233 1044 2315 Euxinum
1079 2242 1220 2340 penitus

155 2352 328 2455 ignotum
356 2351 457 2431 fuisse
475 2368 682 2443 teneamus,
723 2354 842 2429 donec
862 2347 971 2428 lones
996 2352 1101 2429 iliud
1129 2374 1220 2430 mare

156 2471 317 2544 nauibus
351 2468 631 2566 frequentarunt
663 2466 803 2561 (Strab.
832 2461 924 2554 Vlr,
969 2488 1008 2564 p.
1035 2482 1137 2562 458.
1162 2458 1221 2565 Α)

155 2577 286 2678 Itaque
312 2578 497 2657 Homerus
522 2605 600 2655 non
619 2579 683 2656 nifi
695 2578 884 2656 obscuram
900 2578 1066 2676 aliquam
1085 2581 1224 2682 septen·

1225 598 1236 752 ἱ

159 2694 291 2771 trionis
314 2694 482 2768 notitiam
500 2692 682 2791 prodidit,
719 2694 861 2791 primo,
902 2690 991 2767 dum
1016 2691 1224 2789 Ἱππημόλ·
1260 2738 1263 2746 «

158 2833 260 2905 γους,
292 2806 448 2892 ’Λβὶους,
471 2801 799 2901 Γαλακτοφάγους,
829 2819 1125 2895 commemorat,
1164 2804 1223 2905 (ut

157 2916 251 2993 adeo
269 2915 389 3016 ipsum
410 2915 625 3016 Scytharum
645 2937 781 2992 nomen
799 2917 862 2992 illa
877 2932 993 2994 aetate
1016 2921 1223 2997 inauditum

156 3027 261 3106 fuiffe
278 3029 421 3125 credar)
448 3045 547 3120 tum,
580 3031 731 3131 quando
751 3027 972 3108 Cimmerios
988 3035 1225 3118 memorauit,

159 3145 322 3243 mythice
357 3158 498 3238 tanren;
543 3167 627 3220 nam
659 3168 717 3232 ea,
770 3167 865 3243 quae
900 3144 947 3221 de
973 3145 1128 3244 populis
1151 3146 1223 3244 sep

159 3256 398 3334 tentriunales
432 3256 585 3356 plagas,
630 3281 712 3334 aere
742 3254 962 3356 plerumque
992 3258 1132 3358 pluuio
1164 3270 1224 3333 aut

158 3373 248 3447 niue
270 3369 495 3459 obscuratas,
544 3370 812 3459 incolentibus,
857 3371 972 3467 vulgo
1000 3386 1145 3447 narrata
1168 3394 1223 3447 ao·
1274 3408 1275 3426 ι

158 3497 322 3580 ceperat,
371 3483 416 3561 ad
449 3507 490 3559 ea
527 3481 651 3561 Italiae
675 3483 757 3560 loca
780 3483 977 3572 transtulit,
1021 3485 1224 3583 inquibus

160 3596 301 3671 aditum
324 3596 369 3673 ad
396 3597 478 3673 loca
500 3596 616 3673 infera
639 3597 881 3674 constituerat
939 3594 1121 3673 Fabuloie
1143 3621 1226 3674 nar·

160 3723 236 3784 rata
267 3709 336 3783 alia
369 3710 452 3786 sunt
482 3712 522 3786 in
545 3712 607 3800 iia,
650 3732 745 3810 quae
763 3709 809 3787 de
832 3722 968 3786 tentata
995 3712 1158 3809 primum
1186 3714 1227 3786 in
1274 3793 1275 3823 Ν

158 3817 320 3900 Pontum
346 3819 533 3904 Euxinum
557 3824 792 3922 nauigatione
812 3824 910 3900 etde
926 3823 1225 3921 Argonautarum

155 3934 198 4008 in
223 3930 385 4011 Colchos
409 3935 654 4034 profectione,
691 3939 851 4035 primunr
873 3936 986 4024 fama,
1029 3960 1126 4014 mox
1150 3960 1229 4014 car·

158 4049 281 4136 mine,
327 4047 476 4150 vulgata
507 4049 620 4126 fuere.
685 4047 786 4127 luter
810 4048 902 4139 hos,
947 4050 1014 4150 qui
1031 4048 1228 4151 Argonau-

1155 4168 1226 4242 tica

177 4447 179 4449 ,
220 4377 257 4462 d)
278 4379 312 4443 Iu
333 4377 413 4463 Obff.
427 4378 602 4529 distfflzmd
612 4380 1003 4468 etgeogruphiquessurles
1016 4380 1141 4464 periples
1155 4381 1228 4447 dur·

269 4460 358 4527 buius
378 4467 431 4547 qui
449 4472 504 4528 unt

550 4466 628 4530 abitt
653 4467 696 4532 les
720 4464 814 4531 burda
835 4465 879 4531 du
896 4464 1027 4530 Danube
1044 4463 1130 4529 erue
1145 4467 1229 4531 Part

266 4544 373 4612 Euxin
388 4552 478 4634 1765.
687 4571 689 4576 ’
1075 4567 1079 4576 ·

1272 3961 1275 4120 i
