2586 5078
169 597 254 702 {186
549 610 844 646 ““““““““

159 856 162 862 .
282 786 412 878 Aliud,
458 811 536 890 quo
560 803 645 865 vota
673 790 792 868 nostra
813 803 888 868 rata
909 791 993 870 sore
1017 794 1228 883 ominanutt

157 903 368 1003 ‘auspicium
402 904 566 982 arbitrari
596 902 683 979 licet
714 905 857 982 decreta
881 908 1114 1006 principum,
1155 909 1224 1006 qui

162 1042 219 1105 ‚ex
243 1018 375 1117 quode
392 1016 611 1116 quaestionis
623 1019 810 1093 atrocitate
828 1032 864 1093 et
874 1021 1103 1097 immanitate
1118 1020 1206 1119 dispo
1225 1011 1228 1015 ’

161 1144 290 1209 tetum
307 1132 377 1221 est,
411 1145 474 1206 aut
492 1127 665 1205 sublatam
684 1129 881 1208 voluerunt
899 1129 968 1208 esse
986 1153 1051 1210 aut
1065 1137 1205 1209 imminu·

171 1257 248 1323 tam
274 1259 541 1322 tormentorum
565 1241 763 1319 saeuitiam:
802 1247 939 1344 quippe
965 1249 1028 1322 cui
1052 1250 1165 1346 paucis
1178 1248 1202 1319 ir

171 1359 350 1456 capitibus
369 1358 567 1454 paucisque
597 1357 825 1456 temporibus
844 1358 990 1446 locum,
1031 1361 1069 1435 in
1089 1360 1204 1459 paucio

170 1474 273 1548 ribus
291 1470 456 1554 effetium
474 1465 561 1557 esse,
591 1483 653 1545 aut
678 1466 878 1568 elseposse,
909 1469 1123 1571 sapientium
1135 1475 1220 1550 viro

83 1637 86 1641 ι
171 1606 255 1660 rum
268 1584 436 1683 sagacitas
452 1581 629 1663 subtiliter
648 1580 919 1661 demonstrauit.

160 1888 165 1898 ,
283 1805 384 1887 Inter
414 1806 521 1899 haec,
562 1831 656 1910 quae
690 1807 736 1886 de
764 1808 987 1908 quaestionis
1012 1810 1207 1914 immanitate

172 1921 350 2022 disputata
381 1922 481 2010 sunt,
537 1924 675 2023 inquiri
712 1945 864 2023 quoque
909 1939 1085 2025 coeptum
1113 1920 1208 2022 inni

159 2035 409 2116 atrociffimae
432 2039 569 2131 origines
587 2035 661 2114 siue
677 2035 889 2127 vniuerlim,
919 2035 994 2114 fine
1010 2039 1109 2138 apud
1123 2036 1225 2119 Grae

156 2175 237 2230 cos
261 2166 298 2228 et
318 2150 525 2237 Romanos,
554 2148 626 2226 siue
642 2149 802 2250 denique
819 2150 1047 2250 sequioribus
1064 2149 1228 2251 temporis

80 2350 88 2365 ,
171 2265 260 2352 bus,
302 2289 322 2340 e
351 2264 525 2341 barbariei
550 2261 716 2363 squalore
745 2264 1017 2362 emergentibus
1041 2268 1147 2343 nouis
1164 2267 1212 2339 in·

170 2380 300 2478 periis:
352 2378 511 2454 necdum
540 2376 620 2453 satis
649 2391 815 2453 accurate
845 2377 891 2453 de
918 2375 1072 2477 'singulis
1104 2378 1209 2454 atium

145 2489 308 2588 ·-Coepit
331 2511 483 2589 quoque
509 2489 564 2578 id,
605 2489 707 2588 quod
731 2490 861 2567 vltimo
883 2489 971 2568 loco
995 2489 1153 2590 positum
1168 2486 1211 2576 eil.

157 2626 194 2680 a
232 2625 353 2678 rerum
390 2615 614 2679 narratarum
650 2605 874 2701 argumentis
904 2603 950 2681 ad
980 2606 1165 2704 opinionis
1188 2612 1214 2675 et

67 2750 70 2759 ¹
157 2715 426 2814 .disputationis
445 2715 677 2795 subtilitatem
699 2719 882 2807 reuocari,
924 2715 1014 2794 dum
1036 2718 1082 2795 ab
1103 2713 1215 2795 ortui

158 2841 203 2912 tet
222 2830 347 2908 iudiciis
370 2828 422 2906 dri
441 2843 710 2907 tormentorum
728 2832 823 2906 inter
838 2833 1059 2908 recentiores
1074 2829 1215 2932 populos

173 2943 585 3046 quaestionisqueorigo
608 2944 760 3041 repetita
784 2943 857 3018 est.¹
891 2943 1006 3043 Atqui
1030 2972 1073 3022 ex
1095 2941 1216 3048 ipsuis·

157 3063 347 3162 storiarum
377 3062 576 3133 monimentis
603 3055 863 3133 declarandum
887 3070 981 3147 erat,
1022 3071 1107 3135 ante
1129 3055 1217 3137 orda·

170 3171 308 3249 liorum
351 3169 452 3248 usum
489 3169 630 3246 nullam
669 3172 764 3246 inter
798 3167 1054 3248 Germanicos
1073 3171 1219 3273 populor

170 3282 279 3367 fuisse
301 3285 567 3383 quaestionem,
609 3295 691 3359 tum
716 3285 866 3383 exemplis
885 3288 919 3360 in
938 3286 1081 3362 ‘medient
1095 3282 1221 3383 mosali

156 3397 403 3487 -docendutn‚
447 3424 488 3474 ex
512 3401 643 3497 istorum
667 3407 847 3497 temporum
869 3396 1062 3475 iudicatione
1084 3425 1124 3477 nr
1137 3394 1222 3505 sensit

157 3575 160 3580 .
165 3537 237 3614 pro
258 3511 310 3588 dei
332 3511 450 3588 iudicio
473 3521 504 3586 et
525 3511 689 3612 hesitatione
703 3509 742 3586 dr
760 3513 807 3587 rei
823 3514 1003 3588 innocentio
1017 3537 1159 3609 unquam
1175 3513 1225 3590 stt·

154 3622 274 3705 *bitum
304 3620 376 3727 effe,
420 3621 446 3699 fi
471 3625 554 3721 quis
581 3636 851 3701 tormentorum
880 3626 1100 3702 cruciatibus
1122 3628 1227 3704 virtus

157 3736 432 3821 ¹consessionem
457 3738 618 3818 criminis
636 3738 793 3835 exprimi
807 3737 873 3815 fibi
889 3735 1006 3837 passus
1020 3739 1119 3816 haud
1139 3737 1228 3818 esset

155 3848 415 3932 .Hillotiarum
439 3851 589 3949 quidem
619 3848 707 3925 fides
733 3850 779 3927 de
802 3853 890 3928 iuris
916 3850 1118 3951 legumque
1141 3857 1228 3933 inter

155 3966 344 4042 ‘barbaros
360 3963 521 4063 populos
538 3962 728 4040 elementis
744 3976 781 4040 et
792 3976 877 4040 ortu
894 3988 971 4041 non
981 3964 1072 4041 adeo
1084 3967 1228 4045 obscura

156 4093 237 4165 ,aut
260 4079 430 4184 ambigua
456 4075 524 4166 eli,
563 4098 646 4175 ,quo
673 4078 803 4154 minus
822 4076 902 4154 satis
931 4093 1228 4158 accuratetenea·

158 4215 274 4280 mut,
320 4196 480 4290 primum
515 4213 562 4266 ex
587 4190 719 4266 Aniani
745 4191 946 4281 breuiari0,
988 4191 1091 4292 quod
1118 4193 1228 4293 vulgo

172 4318 326 4411 vocant,
367 4326 572 4407 poenarum
595 4317 633 4383 et
657 4304 876 4404 quaestionis
899 4304 1003 4384 asum
1018 4308 1124 4383 'inter
1145 4304 1228 4384 vrn-

1099 4421 1228 4522 gothos
