2580 5086
1235 538 1264 655 l.

140 724 224 820 492
530 717 813 777 m

139 900 244 1003 Rege
271 895 585 1005 indulgentisimo
611 898 691 979 iussi
715 899 800 979 sunt
820 897 964 1004 sacram
980 897 1205 984 Eiussicen

140 1017 311 1098 sustinere
344 1029 383 1100 et
417 1016 536 1094 nostra
572 1014 754 1117 sollennia
794 1016 998 1115 praesentIa
1038 1019 1104 1096 sua
1133 1022 1206 1097 illu.

140 1131 251 1208 strare
278 1152 322 1208 ac
345 1129 591 1209 condecorare
615 1124 698 1204 vin
723 1126 969 1215 Illustrissimi,
1005 1128 1206 1213 Duumuiri

144 1241 340 1322 Curatores
377 1240 592 1321 Academiae
626 1241 768 1324 nostrae
805 1240 1039 1341 grauissimi,
1102 1260 1141 1323 et
1165 1246 1207 1323 ob
1253 1264 1266 1339 q

145 1359 330 1450 summum
354 1380 477 1439 terum
500 1356 704 1451 nostrarum
722 1354 880 1432 studium
906 1370 945 1431 et
970 1359 1207 1459 tamInsigni.
1261 1363 1264 1425 t

145 1485 201 1551 ter
227 1471 345 1548 austae
370 1493 412 1546 ac
440 1469 612 1562 florentes
636 1491 693 1546 res
707 1468 843 1546 nostras
863 1483 1062 1547 aeternum
1079 1495 1208 1549 memo·
1261 1535 1264 1568 ,ζ

146 1583 271 1675 randi,
316 1580 447 1660 AVG.
488 1577 645 1662 GVIL.
685 1604 777 1671 von
808 1604 906 1658 oen
942 1578 1207 1665 BVSSCHE

145 1682 242 1794 Regi
279 1696 403 1772 nostro
440 1719 461 1773 a
497 1693 733 1794 sausiiorlbus
766 1689 934 1772 Confiliis
971 1694 1209 1798 Magnusque

146 1808 316 1895 Ducatus
331 1804 507 1885 Cellense
524 1806 752 1898 Aduocatus,
780 1820 818 1883 et
835 1809 950 1884 altero
964 1807 1058 1887 loco
1080 1809 1208 1890 LVD.

151 1919 309 2001 FRID.
336 1944 394 1997 os
420 1917 772 2022 BEVLVVITZ,
816 1918 911 2019 Regi
928 1922 1059 2000 nostro
1083 1939 1122 2003 et
1145 1925 1210 2026 ipse

148 2060 170 2114 a
195 2034 428 2111 sandioribus
445 2035 484 2109 in
500 2031 670 2133 regendis
684 2032 907 2141 hisceterris
921 2030 1033 2112 Elesl.
1056 2035 1209 2138 Printip

150 2145 321 2226 Confiliis
377 2145 619 2246 Impetratum
643 2167 796 2246 quoque
825 2146 875 2223 est
906 2146 1039 2226 litterIs
1069 2152 1213 2250 publice

149 2259 280 2352 missu,
323 2274 363 2338 vt
385 2258 632 2363 speciabilium
655 2257 841 2341 Ordinum
865 2273 1046 2338 terrarum
1076 2262 1213 2342 Elesio·
1259 2241 1266 2404 l

154 2375 289 2461 talium
305 2371 592 2452 Prouincialium
615 2370 789 2475 Delegati
822 2370 1052 2452 sollennibus
1088 2378 1211 2457 nostris

155 2487 275 2564 uelint
296 2485 479 2580 iuterelIe3
512 2485 816 2588 expedamusque
839 2485 914 2563 hoe
928 2483 1117 2586 ipsumJab
1135 2487 1214 2568 Aca·
1256 2463 1266 2576 l

153 2599 274 2705 demia
291 2597 412 2701 Julia,
438 2599 579 2701 sororio
598 2592 751 2677 vinculo
767 2621 854 2677 cum
875 2596 1040 2699 Georgia
1058 2601 1214 2703 Augusta

151 2713 358 2801 coniunda,
377 2704 488 2809 quam
502 2709 753 2788 humanillime
769 2714 992 2814 rogauImus,
1010 2731 1052 2802 vt
1065 2720 1213 2814 nomme

152 2823 305 2925 publico
316 2822 580 2922 Delegatosad
599 2846 668 2900 nos
684 2826 814 2915 mittat,
839 2829 903 2926 qui
916 2825 1012 2904 sacra
1027 2828 1123 2908 haec
1139 2852 1213 2908 aea·

149 2939 292 3033 demiua
301 2935 456 3022 inuisere
465 2935 763 3039 etvotispublice
776 2936 944 3041 susceptis
954 2937 1212 3022 fauereseliot

201 3160 204 3166 '
264 3156 396 3242 Nunc,
424 3148 512 3234 cum
532 3153 710 3233 sollennia
735 3153 826 3236 haec
840 3180 883 3235 ac
899 3151 995 3237 sacra
1011 3142 1214 3263 Musarum,

47 3327 54 3339 .
150 3261 416 3369 frequentiam,
453 3282 590 3370 quauta
617 3271 776 3347 maxima
801 3267 870 3347 elle
897 3273 1036 3371 potest,
1075 3289 1214 3376 eorum,

153 3384 220 3481 qui
249 3405 319 3459 nos
336 3395 477 3470 amant,
511 3380 735 3459 desiderent:
758 3381 852 3460 solet
867 3386 1090 3465 enimtestes
1106 3412 1214 3490 quam
1265 3439 1266 3503 q

151 3494 334 3594 plurimos
370 3494 531 3594 flagitare
566 3494 728 3586 laetitIa,
786 3497 1029 3599 inprimisque
1069 3502 1214 3602 publia

150 3606 333 3703 hilaritas3
372 3607 464 3686 haec
493 3606 567 3710 ipsa
592 3607 717 3686 charta
742 3612 993 3710 proponitur,
1043 3614 1214 3716 vulgatur

67 3716 69 3720 ’
152 3711 201 3806 ac·
223 3743 293 3820 pro
320 3724 454 3799 nuntio
478 3721 632 3822 publico
653 3723 811 3799 mittitur
834 3722 882 3804 ad
898 3718 1032 3801 'omues
1057 3732 1126 3829 qui
1148 3749 1214 3806 nos

151 3836 299 3922 amatis,
326 3847 367 3911 vt
381 3834 540 3912 nostram
558 3835 687 3916 vrbem
702 3833 856 3927 adeatis,
880 3835 1032 3938 diesque
1050 3838 1217 3943 Septem·

152 3945 228 4038 bris
249 3943 357 4033 XVI.
376 3943 504 4025 XVII.
520 3944 669 4027 XVIII.
699 3949 895 4027 nobiscum
918 3952 1013 4028 inter
1036 3951 1217 4033 sollennia

149 4057 358 4144 academico
377 4083 541 4139 moreat
559 4063 632 4142 ritu
651 4063 779 4161 agitari
794 4060 899 4140 solita
916 4066 1084 4164 exigatis.
1120 4136 1122 4139 .
1143 4066 1217 4149 Ha·

150 4169 300 4270 bemus
335 4188 459 4256 autem
491 4176 600 4253 noble
642 4173 863 4276 persuasum,
905 4174 974 4255 esse
1017 4201 1083 4278 per
1124 4180 1217 4260 Ger·
1260 4279 1264 4283 ⁴

149 4287 310 4375 maniam
345 4309 426 4366 non
448 4291 613 4367 ‚omuino
662 4287 819 4381 nullos,
879 4291 946 4390 qui
984 4293 1118 4371 nostris
1160 4318 1217 4372 re-

149 4398 218 4477 bus
246 4399 434 4496 studeant,
487 4424 559 4484 nec
587 4401 635 4484 ad
659 4399 798 4482 litterm
835 4402 1078 4515 scissumque
1096 4512 1099 4517 ι
1116 4407 1217 4520 nihil

820 4529 823 4536 “
1104 4523 1217 4600 iuter·
