2580 4996
178 667 267 766 “4
571 675 858 735 ’.ΕΞ-...Ξ

182 862 343 943 libertati
362 860 570 952 insrdietur,
608 860 870 939 communibus
888 858 952 938 ille
969 862 1111 944 viribus
1129 872 1244 972 oppri·
1270 925 1290 950 .

181 980 317 1075 mitur;
355 980 586 1076 omninoque
611 975 795 1054 tolluntur
814 975 1017 1054 coniuntlis
1038 987 1239 1085 mutuisque
1269 1034 1290 1058 t

182 1092 308 1193 operis
338 1106 401 1169 aut
426 1093 646 1168 minuuntur
669 1088 785 1179 mala,
827 1091 963 1189 quibus
988 1114 1058 1169 nec
1082 1097 1155 1172 vita
1179 1122 1237 1176 nec
1262 1119 1271 1149 2

180 1206 331 1286 societas
365 1205 518 1283 humani
543 1205 689 1304 generis
724 1225 850 1280 vacare
880 1205 1016 1304 potest,
1062 1208 1236 1289 bonorum
1269 1229 1286 1283 ss

181 1333 311 1400 contra
344 1317 563 1397 intercursus
595 1318 644 1392 est
669 1315 887 1395 liberrimus.
961 1314 1056 1397 Cum
1084 1321 1142 1399 his
1163 1325 1236 1426 ipfis
1282 1341 1288 1397 s

179 1447 305 1514 tamen
327 1435 454 1523 bonis,
495 1429 563 1508 nist
589 1429 716 1507 diuina
734 1431 855 1530 aliqua
871 1430 1043 1531 sapientia
1060 1436 1097 1510 in
1115 1440 1235 1515 consli·

177 1546 321 1626 tuendo
351 1545 521 1634 foedere,
566 1558 630 1621 aut
660 1542 849 1643 fingularis
880 1542 965 1623 fitus
987 1557 1233 1648 opportunitas

178 1661 397 1761 contigerit,
436 1661 500 1735 vix
525 1656 625 1735 aliud
649 1659 698 1734 cll
721 1657 945 1758 reipublicae
965 1683 1102 1759 genus,
1141 1666 1233 1766 quod

177 1776 295 1877 magis
316 1772 500 1864 instabile,
526 1774 709 1849 incertum
728 1795 769 1848 ac
788 1775 993 1872 precarium
1011 1774 1072 1866 lit,
1102 1778 1176 1857 siue
1194 1779 1234 1858 acl

179 1911 237 1967 res
271 1890 432 1965 internas
460 1910 502 1964 ac
529 1885 742 1963 domesticas
766 1884 840 1962 srue
866 1887 912 1963 ad
936 1905 1123 1968 externam
1155 1897 1233 1985 vim,

178 2005 240 2082 cui
262 2000 533 2081 occurrendum
560 1997 617 2087 stt,
657 1988 867 2100 respexeris.
933 1997 1049 2080 Laxat
1069 2008 1237 2108 copulate

175 2116 296 2219 ipsum
316 2129 479 2215 tempus3
508 2115 675 2215 inprimis
694 2115 756 2190 vbi
776 2126 942 2214 tempora
959 2117 1175 2211 inciderint,
1201 2125 1237 2199 in

176 2232 315 2331 quibus
342 2227 505 2307 tolleslis
538 2230 652 2306 totius
679 2230 767 2328 reip.
792 2230 931 2305 viribus
958 2229 1002 2306 ad
1028 2239 1238 2332 repentinos

177 2343 277 2422 casus
307 2366 402 2444 opus
436 2343 505 2432 est,
555 2364 640 2420 cum
662 2365 719 2418 res
745 2344 784 2417 in
806 2344 995 2443 praecipiti
1024 2349 1238 2427 constitutae
1285 2426 1286 2429 a

174 2447 259 2535 sunt
285 2471 323 2534 et
350 2469 542 2534 momento
564 2455 751 2533 interdum
773 2456 913 2534 summa
938 2480 1059 2535 rerum
1085 2464 1237 2542 inclina·

163 2583 252 2649 tur:
289 2582 370 2647 turn
392 2560 629 2648 confiliomm
653 2583 689 2646 et
710 2568 1017 2649 deliberationum
1038 2574 1235 2670 lentitudo,

175 2682 392 2772 discordiae,
435 2682 634 2761 utilitatum
664 2684 887 2782 priuatarum
920 2700 983 2762 aut
1012 2686 1237 2786 lingularum
1279 2691 1280 2700 '

175 2799 365 2876 ciuitatum
383 2794 579 2896 respectus,
614 2797 723 2875 rebus
740 2796 909 2896 gerendis
928 2824 1047 2878 moras
1066 2804 1238 2885 iniiciuut

176 2909 361 2990 exitiosas:
391 2932 485 3010 quae
502 2909 598 2989 sorte
615 2910 815 3009 aliquando
834 2934 1056 3011 magnorum
1071 2918 1236 3001 virorum
1278 2902 1290 2981 l

172 3027 333 3125 ingeniis
372 3037 410 3102 et
442 3022 600 3102 confiliis
632 3021 791 3124 superari
818 3039 990 3125 potuere:
1042 3033 1236 3115 enimuero

174 3141 255 3242 poll
292 3137 427 3239 longae
464 3140 563 3237 pacis
600 3135 776 3228 srutlum,
822 3140 862 3215 in
897 3164 1018 3219 rerum
1051 3145 1235 3231 bonarum
1279 3187 1280 3190 Ν

172 3257 299 3355 eopia,
338 3252 432 3330 luxu
454 3249 628 3329 emollitis
650 3253 800 3342 animis,
829 3254 992 3332 virorum
1011 3281 1234 3358 magnorum
1289 3281 1290 3330 r

171 3367 272 3467 seges
291 3367 381 3444 felix
398 3369 461 3443 vix
478 3389 640 3466 unquam
656 3365 744 3460 fuit;
774 3364 896 3443 deficit
910 3391 1063 3471 quoque
1080 3376 1118 3449 in
1135 3377 1234 3455 mul.

169 3480 329 3558 titudine
352 3481 461 3557 ardor
482 3479 566 3568 ille,
610 3501 722 3579 quent
748 3480 933 3558 interdum
949 3483 1112 3562 furorem
1130 3489 1234 3569 dixe.

171 3596 242 3685 ris,
299 3617 378 3696 quo
413 3596 452 3670 in
486 3593 653 3670 libertate
686 3594 844 3695 paranda
877 3597 1089 3677 inflammati
1128 3620 1233 3684 erant
1289 3637 1290 3645 Ν

174 3711 307 3800 animi;
361 3711 440 3786 otio
473 3721 510 3784 et
541 3706 634 3784 luxu
665 3707 709 3784 ad
747 3710 918 3786 inertiam
949 3713 1115 3813 prolapsa
1146 3717 1232 3798 sunt
1289 3760 1290 3789 r

173 3825 316 3915 omnia3
351 3823 502 3898 militiae
522 3820 644 3899 honor
661 3821 805 3911 nullus,
835 3828 1132 3922 praemianulla3
1164 3835 1230 3911 ita.

172 3959 246 4037 que
277 3959 346 4014 nec
378 3939 512 4025 virtus,
558 3959 627 4013 nec
665 3935 870 4036 disciplina3
913 3938 1046 4017 desua
1075 3944 1229 4026 utilitate

158 4050 380 4128 sollicitudo
413 4053 592 4149 cuiusque
623 4054 740 4126 maior
770 4052 953 4149 quamde
982 4054 1094 4132 salute
1125 4082 1228 4138 corn.

168 4167 292 4258 muni;
339 4165 505 4263 inprimis
540 4186 628 4241 vero
662 4167 750 4241 vitia
777 4163 866 4241 haec
888 4170 975 4267 reip.
1000 4172 1037 4245 in
1061 4173 1229 4269 apricum

151 4281 417 4380 proueniunt,
465 4302 551 4355 cum
580 4281 735 4369 tributa,
779 4280 900 4355 multo
930 4286 1044 4381 magis
1069 4283 1095 4360 fi
1117 4285 1226 4366 solito

167 4393 263 4472 sorte
298 4388 478 4494 grauiora‘
501 4392 741 4485 conserenda,
796 4393 1005 4500 militesque
1034 4397 1156 4477 alendi
1188 4417 1228 4480 et

1053 4518 1224 4594 nuttendi
