2496 4936
120 862 297 939 notiones
321 854 447 938 iturum
481 868 607 937 rerum
630 859 819 951 attuleris,
857 856 964 961 ‘quac'
991 859 1197 939 etiamnum

120 978 221 1053 inter
239 976 402 1077 populos
417 978 455 1050 in
474 972 581 1052 fimili
595 974 812 1052 conditione
834 975 928 1052 vitae
954 990 1105 1075 agentes
1128 999 1195 1053 nas

122 1084 228 1204 tdraj,
244 1091 318 1166 vita
339 1103 377 1167 et
401 1086 487 1179 vsu,
507 1090 689 1165 obtinent

239 1253 337 1335 Cum
365 1254 405 1333 in
431 1255 507 1334 hoc
529 1255 734 1356 scriptionis
760 1278 916 1356 genere,
956 1248 1195 1335 Commilito'·

124 1379 210 1476 n'es,
232 1370 320 1465 'non
337 1382 413 1448 tam
442 1372 668 1470 requiratur,
701 1383 743 1446 vt
767 1370 934 1448 subtilius
961 1371 1115 1471 aliquod
1145 1362 1196 1449 ex

124 1485 325 1587 disciplinis
342 1485 577 1585 depromtum
596 1497 707 1584 caput
723 1500 950 1584 exponatur,
974 1509 1086 1585 quam
1104 1508 1194 1586 pro-

123 1599 286 1705 polrtum
318 1594 387 1675 elle
420 1598 553 1675 debeat
583 1621 752 1675 acroama
776 1597 948 1698 aliquod,
980 1598 1084 1699 quod
1112 1621 1193 1676 non

126 1714 203 1791 fine
219 1713 373 1789 utilitate
387 1726 425 1790 et
440 1736 526 1790 cum
541 1712 731 1812 voluptate
748 1709 870 1812 aliqua
885 1715 925 1789 in
951 1712 1027 1790 hoc
1057 1712 1194 1794 sollen-

126 1819 234 1905 nium
254 1840 428 1928 apparatu
454 1826 530 1926 legi
551 1841 589 1903 et
616 1827 746 1903 audiri·
760 1824 883 1924 pollrt:
920 1850 999 1904 non
1020 1828 1193 1904 iniucun-

126 1937 219 2042 dum
232 1943 386 2040 cognitu
407 1956 665 2040 argumentum
682 1938 844 2039 deligere
872 1942 982 2019 nobis
1009 1941 1190 2028 videmur,
1240 1942 1241 1945 ‘

125 2055 153 2132 fi
184 2066 518 2132 commemoremus
551 2052 734 2132 nonnulla
761 2077 808 2129 ex
833 2058 905 2133 vita
939 2055 1193 2156 antiquiorum

126 2169 343 2258 hominum,
383 2167 558 2246 Graeciae
587 2174 765 2259 maxime,
802 2167 898 2246 forte
921 2183 958 2246 et
980 2165 1124 2257 Italiae,
1171 2191 1194 2245 a

126 2284 259 2360 nostris
278 2284 520 2383 opinionibus
535 2295 572 2359 et
589 2284 759 2360 institutis
773 2282 1025 2374 abhorrentia,
1055 2284 1192 2382 quibus

126 2399 251 2477 tamen
269 2396 338 2473 alia
354 2394 481 2473 fmilia
498 2399 636 2497 apponi
653 2394 822 2498 poliunt,
845 2420 940 2498 quae
956 2396 1082 2474 nostro
1098 2418 1193 2480 aeuo

126 2512 505 2611 peregrinatores'per
523 2509 679 2587 diuersas
695 2511 812 2598 orbis,
831 2533 905 2611 qua
921 2523 1040 2611 patet,
1066 2525 1192 2601 terras,

128 2624 357 2702 deletorum
373 2646 416 2701 ac
441 2625 697 2709 barbarorum,
732 2647 827 2724 quos
854 2625 1036 2715 adierant,
1070 2648 1193 2724 popu·¹
1240 2677 1244 2694 ,

127 2737 253 2815 lorum
271 2741 342 2814 vita
360 2751 398 2816 et
421 2740 588 2815 moribus
612 2736 803 2815 tradidere.
872 2737 964 2832 Quo
985 2738 1064 2839 ipso
1090 2752 1127 2814 et
1152 2736 1194 2812 fi.

129 2852 215 2928 dem
247 2854 418 2952 antiquae
443 2852 610 2930 historiae
633 2850 757 2953 pallum
795 2848 997 2942 adstruere,
1045 2866 1083 2928 et
1108 2851 1193 2928 loca

128 2964 346 3065 scriptorum
388 2965 571 3043 nonnulla
610 2965 811 3056 illustrare,
881 2981 919 3042 et
956 2969 1193 3067 interponere

129 3079 318 3157 interdum
353 3079 480 3156 licebit
516 3103 576 3170 ea,
637 3103 732 3181 quae
762 3081 808 3157 ad
853 3083 1026 3157 notiones
1067 3081 1195 3178 vulga·

129 3216 188 3268 res
220 3193 466 3271 emendandas
500 3194 692 3271 utilitatem
722 3194 855 3272 habere
895 3208 1091 3295 poterunt;
1137 3197 1194 3270 in-

130 3307 323 3383 stillabitur
358 3330 511 3408 quoque
545 3310 676 3385 animis
704 3310 845 3399 vestris,
892 3306 1224 3400 Commilitones,·

129 3418 249 3497 sensus
266 3437 391 3520 gratus
407 3437 443 3497 et
456 3422 651 3512 iucundus,
669 3425 936 3522 reputantibus,
966 3446 1078 3523 quam
1097 3424 1193 3515 bene

130 3534 326 3611 nobiscum
341 3533 459 3622 atium
480 3535 544 3626 fit,
576 3559 737 3636 quorum
754 3540 827 3614 vita
848 3539 887 3613 in
905 3537 995 3614 haec
1025 3553 1194 3636 tempora

131 3649 181 3724 est
196 3647 331 3737 delata,
361 3650 641 3750 quibusinhoc
661 3648 783 3741 caelo,
809 3653 849 3727 in
874 3650 931 3727 his
955 3649 1048 3729 locis
1072 3652 1193 3751 gigni,

131 3764 262 3838 nutriri
281 3776 318 3838 et
334 3763 469 3839 institui
487 3765 664 3864 contigit,
694 3767 732 3841 in
749 3767 1029 3869 quibusearum
1052 3790 1190 3855 rerum,

130 3898 226 3974 quae
249 3877 292 3953 ad
320 3876 517 3953 hunranam
549 3894 715 3957 naturam
735 3880 937 3956 ornandam
960 3893 996 3956 et
1022 3877 1192 3980 locuplef

127 3990 275 4065 tandam
296 4006 524 4091 comparatae
539 3992 638 4083 lunt,
657 3993 796 4071 summa
812 3999 939 4095 copia,
969 3993 1109 4072 summa
1124 4017 1194 4094 op·

126 4106 398 4213 portunitasoest
412 4106 606 4206 proposita.

165 4381 167 4384 ι
242 4267 451 4371 Antequam
484 4285 607 4349 tamen
629 4272 674 4350 ad
699 4274 795 4352 hanc
817 4272 1010 4353 differendi
1038 4276 1192 4374 prouin-

130 4383 223 4463 ciam
238 4382 462 4478 accedimus,
493 4387 599 4466 cuius
613 4387 729 4468 caulla
744 4391 943 4469 eaanobis
958 4387 1122 4520 suscepta
1134 4386 1190 4479 fit,

1067 4527 1192 4608 prmto
