2572 5070
114 627 192 702 ιιι
500 618 781 677 ιιι-εξ

104 825 189 882 ιιιιιι
212 810 249 878 et
269 797 555 883 Cabbalillarum
579 796 719 882 somnia
737 797 783 878 de
799 794 953 876 nomine
969 791 1034 874 dei
1051 791 1173 874 ineffa-

107 916 175 992 bili
199 914 333 994 ducere
356 916 491 1019 potuit
1162 940 1166 964 ³
1220 935 1221 938 ‘

206 1140 322 1224 inter
343 1146 453 1237 hanc,
496 1142 761 1224 lihuiuamodi
788 1144 1040 1246 opinionum·
1080 1159 1169 1242 quaa

109 1255 261 1357 magicis
283 1261 420 1338 artibus
438 1256 546 1337 fidem
564 1259 703 1349 fecere,
741 1271 879 1334 tantam
895 1253 1169 1358 perOrientem
1223 1271 1230 1290 ··

110 1384 148 1447 at
173 1367 434 1459 Occidentem,
470 1371 584 1471 idque
607 1393 672 1470 per
699 1374 867 1448 omnium
882 1368 1173 1470 temporum-de·

113 1483 277 1572 cursum,
328 1483 541 1564 consensum
571 1498 609 1560 at
631 1485 943 1584 conspirationem
963 1481 1107 1574 videam
1148 1478 1174 1556 li

109 1607 168 1672 tot
196 1594 406 1676 Callioliros
432 1621 499 1699 per
529 1595 685 1675 diuersas
711 1610 843 1674 aetates
865 1596 996 1673 iisdem
1019 1596 1175 1692 vestigiis
1228 1617 1230 1633 ¹

109 1705 307 1788 infiiientea
333 1732 477 1789 cernas:
519 1700 583 1787 illa
604 1708 843 1788 confidentia
864 1723 1026 1787 mentem
1053 1720 1179 1784 tenure

112 1821 246 1920 potell,
291 1837 429 1925 quanta
459 1825 567 1901 etiam
590 1824 631 1900 in
654 1821 841 1902 fraudibus
864 1818 1100 1898 inueniandis
1125 1823 1182 1896 im

111 1935 212 2032 genii
236 1933 389 2014 humani
413 1937 577 2037 angustia
604 1934 656 2014 lit
713 1933 830 2025 Vera,
867 1935 906 2012 itl
926 1937 1029 2034 quod
1046 1955 1184 2018 omnen

112 2047 287 2137 fatemur,
307 2073 426 2183 pauca
442 2073 597 2129 numero
611 2050 710 2140 lunt,
741 2070 835 2150 quae
857 2046 951 2124 reiie
971 2063 1184 2138 tentantium

113 2182 243 2239 verum
268 2163 377 2241 etiarn
399 2186 458 2255 ea,
499 2184 595 2264 qnae
617 2161 702 2240 falia
733 2174 770 2240 et
792 2161 938 2262 opinata
961 2158 1065 2247 sunt,
1101 2174 1187 2236 utut

114 2274 335 2375 multiplicia
369 2289 407 2355 et
441 2278 632 2355 innumera
659 2276 867 2364 videantur,
913 2271 1087 2352 litamen
1114 2274 1187 2350 rito

118 2389 302 2478 aestimes,
337 2412 458 2488 eaque*
481 2388 527 2466 ad
550 2387 610 2466 sua
624 2411 778 2491 genera,
807 2382 938 2466 caussas
956 2385 1185 2483 etorigines,

118 2500 269 2588 referas.
306 2515 353 2578 ‘et
382 2501 456 2602 ipsa
477 2524 647 2580 numero
675 2498 744 2579 elle
768 2521 949 2602 perpauca
974 2497 1108 2574 et-alia
1134 2512 1185 2576 rx?

116 2611 195 2691 aliis
217 2616 386 2712 repetita,
422 2613 581 2704 recotla,
619 2614 780 2704 deflexa,
816 2611 955 2701 videat,
983 2609 1186 2689 nec‘inella

118 2737 274 2811 nutam,
321 2749 436 2827 quam·
465 2724 580 2827 vulgo
609 2725 728 2804 iitlari
757 2726 901 2815 audias,
940 2738 994 2803 ne
1014 2746 1185 2801 errorum

110 2838 270 2939 quidem
294 2838 567 2918 diminutam?
605 2838 702 2919 Nam
730 2836 813 2917 sunt
839 2841 960 2938 primo
985 2853 1101 2938 pauca
1129 2860 1190 2914 res

117 2975 202 3029 rum
227 2953 362 3052 capita,
393 2955 487 3030 circa
504 2974 599 3055 quae
618 2952 752 3055 vulgus
770 2950 1106 3053 philosophantium
1120 2973 1186 3026 oe-

118 3079 291 3164 cupatum
319 3063 387 3143 elie
411 3065 522 3162 lolet3
559 3079 615 3157 et,
636 3065 680 3144 *n
712 3069 875 3144 animum
894 3063 1109 3152 attenderis,
1141 3084 1184 3141 ta

118 3176 193 3278 ipsa
220 3179 272 3257 ad
308 3202 441 3280 paucas
479 3183 749 3258 enuntiationes
773 3178 960 3279 primarias
982 3176 1099 3276 redigi
1129 3179 1185 3252 in·

120 3291 275 3392 telligas.
332 3290 504 3393 Inprimis
523 3306 662 3384 autem,
693 3291 870 3392 quioquid
886 3293 981 3368 inter
1001 3289 1182 3378 homines,

122 3402 299 3505 quamdiu
320 3405 486 3496 luerunt,
527 3406 634 3506 super
656 3407 765 3483 rebun
792 3403 1123 3504 supernaturalibus
1144 3415 1183 3481 et

122 3516 170 3595 de
190 3515 315 3596 natura
330 3519 449 3594 nostra
462 3517 554 3596 vltra
570 3517 660 3595 lines
675 3520 709 3594 ei
724 3519 933 3596 constitutas
946 3514 1182 3615 perficienda

121 3628 196 3708 fiue
217 3632 256 3705 in
283 3629 534 3731 philosophia,
574 3630 648 3713 hue
671 3633 709 3707 in
727 3633 864 3731 magia.
901 3629 975 3708 frua
991 3632 1029 3706 in
1049 3628 1182 3719 teletis,

121 3742 308 3838 mysteriis,
335 3741 521 3834 sodalitiis,
549 3742 683 3821 diflum
701 3743 893 3846 atlumque
909 3743 969 3833 est,
992 3745 1029 3820 in
1044 3742 1182 3820 summa

121 3879 243 3932 rerum
279 3855 531 3947 similitudine,
576 3858 713 3957 ubique
735 3858 781 3934 ad
812 3857 937 3935 eadem
961 3857 1182 3957 opinionum

120 3967 280 4074 ludibria
301 3968 421 4063 redit3
467 3966 531 4046 nili
558 3969 660 4072 quod
681 3969 817 4052 modo
809 3972 1056 4073 pinguius.
1039 3968 1183 4047 modo

120 4061 287 4162 subtilius
304 4081 481 4160 ludicrum
496 4083 755 4182 deprehendas
804 4081 926 4162 Tenet
941 4101 1061 4159 tamen
1080 4081 1184 4159 scena

122 4193 230 4282 haec,
275 4191 506 4297 iaquaalia,
547 4194 1184 4296 ipeilantisoculon,s1eorumre·

125 4308 272 4390 censum
286 4308 411 4402 iacias,
446 4331 538 4413 quae
556 4309 642 4390 inde
666 4311 712 4391 ab
727 4313 865 4392 arcanis
883 4333 950 4415 per
964 4294 1139 4411 mythos
1130 4334 1187 4384 m·

1071 4421 1188 4504 duilio
