2496 4936
107 613 189 692 ,ης
516 602 803 643 ⁸¹-

124 787 341 880 fluminibus
371 811 415 867 ac
450 785 641 881 fontibus3
685 810 791 887 quae.
809 788 940 887 opinio
969 813 1049 868 non
1079 814 1195 871 vnanr
1229 854 1232 860 .

126 901 356 1001 eandemque
387 898 546 979 habuiffe
569 900 713 977 videtur
742 900 894 979 cauffana
921 918 958 982 et
987 906 1168 1004 originem
1178 930 1191 1000 ;

125 1036 215 1099 cum
240 1015 355 1092 modo
381 1015 533 1093 obscura
551 1013 672 1115 aliqua
691 1014 844 1092 alicuius
862 1020 935 1107 rei,
975 1042 1069 1119 quae
1087 1035 1195 1096 natu-

126 1152 205 1223 ram
223 1128 298 1206 loci
314 1128 531 1228 singularem
550 1129 804 1218 constitueret,
833 1133 961 1220 noti0,
986 1132 1101 1209 modo
1119 1132 1196 1232 ipse

129 1241 333 1344 adspersus,
368 1242 550 1320 siluarum·
566 1255 604 1319 et
628 1244 814 1319 montium
833 1242 1013 1334 solitudo,
1043 1249 1194 1346 rupium

129 1370 168 1435 et
190 1364 380 1435 antrorum
402 1356 553 1446 horror,
586 1355 814 1432 conualliunr
832 1363 1052 1448 amoenitas,
1078 1361 1196 1436 modo

131 1474 303 1570 antiquae
328 1473 509 1547 maiorum
541 1468 633 1545 sedis
657 1470 884 1560 recordatio,
925 1472 1018 1549 locis
1046 1474 1196 1572 religio-

131 1606 220 1673 nem
244 1584 390 1664 faceret.
456 1581 503 1660 In
525 1583 652 1660 multis
677 1580 851 1660 Graeciae
867 1587 1050 1684 partibus,
1083 1587 1198 1685 inpri-

131 1700 202 1774 mis
218 1700 274 1786 iis,
305 1720 399 1798 quae
414 1711 535 1774 vetera
554 1697 712 1772 instituta
735 1709 772 1772 et
789 1699 879 1775 ritus
896 1699 1109 1798 diligentius
1126 1699 1198 1776 ser·

133 1825 283 1898 ararent,
320 1824 367 1896 *vt
391 1815 487 1888 inter
505 1808 670 1886 Laconas
690 1826 726 1886 et
742 1807 916 1909 Argiuos,
947 1814 1060 1911 prisca
1078 1813 1198 1914 Nym·

84 1969 89 1979 ·
135 1924 292 2026 pharum
317 1929 486 2014 nornine,
522 1940 563 2001 vt
583 1922 786 2024 Taygetos,
815 1922 980 2024 spartes,
1011 1950 1105 2026 quae
1125 1924 1198 2003 Eu-

134 2052 237 2115 rotae
260 2034 344 2114 e‘ffet
369 2037 453 2127 iilia,
471 2036 1009 2140 Amynrones,Nemees.Asopi
1027 2040 1198 2132 filiarum,

137 2164 176 2227 et
198 2150 246 2229 fic
271 2152 357 2241 alia,
394 2152 652 2238 audiebantur,
679 2152 856 2251 equibus
869 2153 999 2231 heroes
1016 2153 1200 2252 indigetes

134 2264 318 2363 susceptos
341 2266 525 2360 ferebant3
555 2279 592 2340 at
612 2268 650 2341 in
669 2263 810 2364 reliqua
826 2263 978 2345 Graecia
998 2267 1198 2344 obscuratis

137 2382 351 2455 nominibus
394 2383 550 2457 omnino
583 2376 694 2456 Genii
729 2377 928 2469 locorum,
988 2381 1201 2481 Nymphae,

136 2490 318 2582 Naiadas,
343 2488 527 2583 Oreades,
556 2488 624 2573 Dii
641 2487 804 2595 ἐγχώριοι
823 2492 1116 2574 celebrabantur.
1155 2561 1157 2567 ,

248 2717 379 2810 Rene,
418 2720 561 2819 inquis,
604 2718 694 2796 haec
720 2717 897 2818 disputata
921 2718 1047 2812 sunt03
1085 2718 1204 2798 Grae-

17 2865 19 2867 ·
137 2837 214 2914 siae
233 2837 384 2911 numina
409 2848 490 2910 nata
511 2834 719 2930 putabimus
738 2836 868 2933 partim
888 2859 908 2909 e
936 2834 1058 2932 priscis
1084 2831 1204 2911 Pelas·

137 2973 274 3048 gorunr
304 2948 373 3024 diis
404 2947 641 3035 familiarum,
680 2948 814 3046 partim
838 2971 886 3024 ex
910 2947 977 3023 diis
1010 2947 1202 3042 locorum;

136 3063 295 3163 piurima
322 3085 473 3162 quoque
490 3056 558 3136 effe
578 3063 751 3136 innobata
769 3061 829 3137 seu
846 3059 1029 3160 figmentis
1044 3062 1104 3139 seu
1119 3063 1203 3161 phi·

136 3177 450 3275 losophenratibus
492 3175 762 3250 nonnullorum
811 3179 1041 3265 acutiorum,
1121 3189 1203 3253 tum

138 3290 330 3379 institutis,
370 3289 452 3380 viu,
489 3291 579 3376 vita,
609 3287 1041 3365 rerunrviciffltudineae
1059 3304 1204 3388 tempo·

138 3429 222 3481 rum
246 3403 414 3481 decursu:
453 3401 549 3477 vnde
571 3401 813 3509 tameniilud
828 3400 985 3479 eueniffe
1003 3402 1204 3478 dicendum

140 3521 227 3606 erit,
259 3534 296 3593 vt
311 3516 441 3594 Graeci
458 3514 576 3591 nullas
594 3515 750 3592 deorum
766 3515 918 3602 formas,
949 3531 1203 3615 praeterquam

136 3627 316 3709 humanas
348 3627 546 3708 haberent?
592 3626 763 3731 Habuere
798 3650 884 3706 vero
911 3629 1017 3723 alias3
1053 3644 1089 3705 et
1120 3629 1204 3728 piu-

137 3749 228 3823 rima
245 3743 366 3844 paffirn
383 3742 683 3831 memoratasunt,
700 3756 735 3818 et
751 3741 871 3818 adhuc
881 3740 1074 3818 Pausaniae
1088 3757 1207 3820 aetate

139 3884 206 3960 per
222 3857 412 3937 Graeciam
432 3857 522 3946 visa,
553 3855 652 3953 signa
668 3857 823 3932 deorum
841 3856 943 3931 rudia
962 3872 998 3932 et
1020 3856 1202 3948 informia,

138 3974 202 4050 seu
222 3972 326 4072 ligno
343 3971 404 4047 seu
422 3970 542 4070 lapide
564 3969 672 4058 raba,
701 3970 816 4047 niodo
834 3969 1069 4046 colomellam
1087 3971 1204 4048 modo

139 4088 266 4164 saxum
287 4088 373 4163 coni
393 4084 447 4159 vel
466 4086 551 4160 cubi
568 4085 684 4159 forma
701 4083 902 4159 referentia.
967 4081 1093 4160 Rudes
1110 4084 1204 4159 scili-

140 4215 201 4280 cet
219 4202 389 4278 homines
416 4197 617 4282 deficiebat⁴
630 4221 685 4271 ars
712 4197 906 4273 meliorem
925 4198 1084 4273 [ormam
1100 4194 1205 4272 effin-

137 4316 273 4418 gandi:
315 4335 550 4416 quaequam
575 4312 744 4411 primum
760 4312 987 4388 incrementa
1003 4313 1100 4389 inter
1137 4333 1190 4387 eo‘

1056 4423 1171 4503 habui
