710 1331
259 223 403 238 =
558 223 598 244 157

61 269 171 295 principum
182 269 263 289 sererent
274 274 296 288 ac
306 268 401 292 fouerent3
413 268 529 294 proditione.
545 269 600 294 perfi-

63 298 101 321 dia,
108 298 184 320 insidiis.
192 298 248 317 iidem
256 303 295 317 non
305 298 377 317 minora
385 298 533 322 exequebantur,
543 303 599 323 quam

64 326 131 350 'armis;
149 330 168 346 at
181 326 256 346 deteffis
266 326 297 345 seu
308 329 377 345 euentu
388 325 419 345 seu
428 326 544 351 proditorum
553 326 600 346 leui.-

63 359 103 375 nte
114 355 195 375 confilils
207 355 255 374 fama
268 360 334 374 eorum
345 360 385 373 nnn
396 355 457 374 minus
465 354 549 374 laborare
556 361 600 374 000-

63 385 93 409 pit
104 388 160 409 quam
173 383 229 407 fidem
249 389 287 408 qua
299 383 354 402 semel
366 382 427 402 amissa
440 383 487 402 nihil
498 384 600 408 quicquam

64 412 99 432 vili
111 418 171 437 regno
181 411 221 431 satia
233 411 291 431 fidum
303 417 325 431 ac
335 415 396 431 tutum
406 411 440 431 effe
448 411 511 436 potest.
542 412 600 432 Nunc

63 440 152 463 undem,
170 440 222 466 quod
237 440 269 459 diu
281 440 418 465 expectaueram
432 440 482 459 Socii
491 440 559 459 auxilia
568 446 601 460 ex-

64 472 119 488 terna
135 468 283 494 nircumspicer23
303 468 347 487 milli
364 468 419 493 legati
434 468 457 487 ad
472 468 599 489 Mithridatem

65 498 146 523 imperio
157 497 244 517 Romano
254 501 293 516 turn
301 497 439 519 imminentem,
454 500 473 516 et
480 497 545 517 foedus
554 498 601 522 peti.

65 529 113 545 tum.
142 525 189 545 Sane
197 526 251 544 nimis
259 525 385 550 longinquum
394 529 431 544 erat
439 526 482 548 iter,
494 526 558 545 multis
565 532 601 551 po-

65 554 116 580 pulis
129 557 148 573 et
158 554 210 573 terris
219 554 326 576 interimis,
339 559 396 578 quam
403 557 423 572 vt
431 554 450 573 in
459 553 529 573 ltaliam
537 555 600 579 cupias

65 582 158 602 adducere
166 582 239 606 licum
254 582 283 602 sed
289 596 295 604 ‚
304 582 349 601 dum
359 582 427 601 bellum
436 582 456 601 in
465 581 504 601 Asia
513 583 601 602 moueba.

65 614 106 634 tur,
122 611 162 630 satis
170 610 189 630 id
200 611 222 630 ad
232 610 342 630 distinendas
351 609 444 630 Romanas
454 611 500 630 vires
510 614 528 629 et
535 611 602 630 abstra-

64 639 137 659 hendas
146 639 168 659 ab
178 639 230 659 Imlia
238 639 300 658 visum.
325 638 366 658 Nec
374 643 451 658 euentus
459 644 522 663 regem
529 639 600 660 fefellit.

123 695 201 721 Instegit
215 695 322 715 bellantium
334 695 392 715 studia
402 695 463 716 Sullae
470 696 555 716 aduersus
562 696 601 717 Mi.

64 724 165 744 thridatem
174 724 268 750 profefflo.
298 724 413 744 Sustinebant
420 729 480 744 tamen
489 725 559 744 bellum
569 725 601 745 ad.

66 753 105 772 huc
112 753 202 773 Samnites
209 757 228 772 et
235 752 306 772 Lucani
315 758 395 778 cumque
403 753 431 772 his
440 753 484 773 aliae
492 753 601 773 Italicorum

67 781 183 807 populorum
194 781 288 806 reliquiae.
321 781 390 801 lterum
408 782 483 806 grauius
495 782 559 801 exarsit
572 783 601 801 in-

67 810 155 830 cendium
172 810 234 835 primo
248 809 335 834 Sulpicii,
360 813 400 829 tum
414 809 485 829 Cinnae
496 811 600 833 conatibus,

67 839 102 864 qui
118 837 144 863 (a.
156 837 214 862 667.)
225 837 307 863 Capuam
319 838 411 863 profedus
423 837 499 858 Latinos
513 839 602 858 excitauit

67 867 91 886 nd
99 866 233 886 rebellandum.
258 866 345 889 Senatus,
358 866 408 886 Sulla
416 866 489 886 absente
498 872 540 886 cum
549 873 602 886 exer-

67 896 113 917 citu,
121 894 228 921 praesidium
241 894 276 914 suis
286 895 340 914 rebus
348 895 433 914 aduersus
443 894 522 914 Cinnam
532 899 551 914 et
560 895 602 915 Ma-

66 924 127 946 tium,
140 929 196 949 quern
205 924 220 942 is
229 923 252 942 ad
260 923 277 943 se
287 923 417 945 aduocauerat„
430 923 504 943 nullum
513 923 601 949 superesse

67 952 144 974 videns,
162 952 230 974 edixit.
249 956 269 971 vt
281 951 349 971 Italicis
362 952 459 975 omnibus,
480 952 539 972 modo
551 958 602 972 arma

67 980 177 1006 posuissent,
194 981 258 1000 ciuitas
270 980 347 1000 daretur.
377 981 479 1005 Acceptum
490 980 601 1001 beneficium

65 1015 78 1028 ι
89 1008 174 1029 Lucanis.
208 1009 298 1028 Samnites
307 1012 325 1028 et
334 1009 371 1028 hoc
380 1012 398 1028 et
406 1009 507 1029 maioribus
516 1010 601 1034 praemiis

67 1037 143 1057 alleClos
156 1038 176 1056 in
188 1037 228 1057 suas
239 1041 299 1063 partes
310 1038 365 1057 traxit
377 1036 442 1057 Cinna.
457 1037 484 1057 lta
495 1039 601 1063 potentium

67 1066 167 1085 discordiae
175 1069 193 1085 et
200 1066 307 1088 seditiones,
320 1065 370 1085 bello
378 1065 475 1085 Sociorum
483 1072 516 1091 per
523 1066 601 1091 aliquod

67 1098 141 1119 tempus
153 1094 231 1120 sopitae,
250 1100 273 1113 ex
283 1094 321 1113 hoc
333 1094 372 1119 ipso
384 1094 434 1113 bello
450 1100 496 1114 mox
509 1100 601 1114 nouarum

66 1124 162 1142 turbarum
170 1123 255 1142 alimenta
265 1123 344 1147 petiere,
359 1124 487 1148 exercitusque
496 1123 539 1142 inde
549 1129 601 1142 com-

66 1151 135 1177 parati,
160 1151 228 1177 quibus
251 1152 271 1170 in
292 1155 376 1171 mutuam
393 1152 494 1177 perniciem
513 1152 602 1171 concurri

559 1180 601 1205 pos-
