710 1331
91 253 134 273 esset
149 254 260 278 cogitatum
280 256 355 273 naturae
372 259 416 274 vero
434 251 572 279 cognoscendae
587 254 623 274 ssu-

91 282 153 304 dium,
171 283 232 301 omnis
242 287 293 301 verae
303 281 429 307 philosophiae
439 282 517 304 fundus,
532 282 623 302 humanae

91 311 159 330 mentis
171 310 202 329 fax
212 309 316 332 certiffima,
336 310 359 329 ad
373 316 394 330 ea
408 316 493 336 quoque,
512 316 560 336 quae
572 315 623 330 extra

90 338 191 358 sensibilem
205 342 288 357 naturam
302 338 359 363 pnssta
372 338 407 359 esse
420 339 516 361 dicuntur,
537 340 623 359 omnium

92 367 206 386 scientiarum
219 367 298 386 maxime
306 366 342 385 sera
351 367 415 386 habuit
424 367 535 387 incunabula
545 371 564 386 et
573 367 623 386 tarda

90 395 212 414 incrementa:
231 401 241 414 e
256 400 293 420 qua
300 399 361 413 tamen
373 399 472 420 antequam
482 395 515 415 lux
526 395 622 418 affulserat,

90 424 197 443 innumerae
213 423 266 442 falsae
282 423 389 448 opiniones,
412 424 490 446 somnia,
513 423 623 448 superstitio-

91 457 134 473 nes,
153 457 232 474 errores,
250 451 348 471 hominurn
360 452 425 471 animis
437 453 501 474 eximi,
520 455 551 471 aut
563 457 587 471 ex
597 452 623 471 sa-

90 480 126 500 cris
137 480 255 505 profanisque
266 479 365 505 disciplinis
378 480 420 499 tolli
430 481 541 505 nequiuere;
560 481 623 505 itaque

90 508 154 527 nostro
168 513 244 533 quoque
260 512 342 532 tempore
356 509 375 527 in
390 512 469 533 viroque
482 508 518 528 hoc
530 508 623 528 doerinae

92 542 169 561 genere,
190 541 229 561 quo
246 537 288 561 quis
305 536 330 555 est
346 536 434 556 naturali·
451 537 534 556 scientiae
550 537 624 561 imperi-

93 209 134 229 204

91 566 139 587 tior,
159 570 183 584 eo
195 565 219 584 est
229 565 248 583 in
262 564 382 584 defendendis
395 565 426 587 iis,
443 570 490 589 quae
499 564 589 590 perspecla
598 565 623 584 sa-

90 594 114 612 tis
126 598 164 612 non
173 593 238 615 habet,
252 593 367 618 pertinacior.
396 592 468 612 Idcirco
479 594 553 613 eaedem
563 593 623 612 homi-

91 627 137 640 num
145 621 277 646 superstitiones
285 620 363 643 diutius,
379 626 434 646 quam
444 621 487 640 alias
495 621 561 641 facium
572 621 621 644 effer,

91 655 148 669 omne
168 653 242 669 naturae
260 649 338 668 studium
355 649 477 673 retardarunt3
500 650 582 675 inprimis
596 654 620 669 eo

91 678 143 703 quod
155 678 187 699 iis,
204 683 250 702 quae
265 681 335 702 praeter
348 681 422 697 naturae
436 684 506 697 morem
519 678 621 700 euenirent.

90 706 189 725 hominum
205 707 261 725 animi
277 706 337 725 multo
355 707 413 731 magis
423 706 546 728 attenderent,
565 711 622 731 quam

91 734 114 753 iis
126 740 173 759 quae
185 734 250 753 ordine
263 740 324 753 rerum
337 733 415 753 sollenni
428 734 553 760 procederent.
582 734 622 754 Iam

90 763 142 782 hunc
157 762 215 787 ipsum
229 762 313 781 ordinem
327 768 370 781 curn
383 763 420 782 rarii
433 769 496 788 parurn
509 762 623 787 contempla-

90 792 143 810 tione
162 794 180 810 et
196 791 334 815 inuestigarione
352 792 448 815 cognitum
465 791 553 810 haberent
568 791 624 810 etiam

91 819 192 842 documen
213 824 288 841 eorum,
312 824 359 843 quae
376 823 447 844 praeter
463 825 535 839 morem
552 818 622 842 fierent,

90 846 157 867 causs‘as
175 847 271 872 quomodo
288 847 409 872 explicarent.
435 847 502 867 habere
517 853 556 867 non
570 850 624 873 pote-

91 879 136 895 rant.
167 875 231 901 Itaque
245 875 362 900 confugitum
375 876 399 895 est
412 875 436 895 ad
446 875 522 899 caussas,
544 880 623 901 quarum

91 905 130 923 vim
150 904 210 923 multo
231 904 292 923 minu:
308 904 439 928 perspicerent,
467 910 522 929 quarn
538 910 559 923 ea
579 904 623 930 ipsa,

91 937 171 957 quorum
189 931 255 951 caussas
269 932 335 951 elicere
348 932 444 955 volebant,
463 932 540 955 scilicet,
560 932 583 951 ad
595 933 623 952 in-

90 964 195 980 teruentum
212 960 300 984 deorum;
322 963 418 986 terrorque
433 967 457 980 ex
468 966 529 980 rerum
541 961 624 980 nouitate

90 988 167 1008 inieClus
185 988 263 1008 deorum
279 989 313 1008 iras
328 988 391 1010 finxit,
414 994 492 1014 quarum
509 989 578 1008 ostenta
592 989 624 1008 illa

90 1016 148 1036 ell'ent
157 1016 211 1041 signa.
240 1015 288 1035 Cum
297 1020 357 1036 autem
365 1022 424 1042 genus
432 1017 533 1037 humanum
545 1018 576 1036 vix
585 1017 624 1037 vllo

91 1048 175 1070 tempore
183 1045 206 1064 ab
214 1045 266 1064 ornni
276 1045 368 1064 malorum
376 1051 443 1069 genere
452 1049 512 1065 vacet:
528 1049 624 1070 nunquan-n

92 1079 132 1093 nnn
143 1073 166 1092 ad
179 1078 244 1092 manus
256 1076 308 1092 erant
314 1073 434 1097 calamitates,
449 1080 496 1099 quae
507 1077 538 1093 aut
547 1077 586 1093 tum
595 1074 624 1093 in-

91 1105 179 1126 gruerent
190 1105 222 1120 aut
232 1107 277 1120 mox
289 1101 415 1125 succederent,
434 1108 511 1127 quarum
522 1101 590 1122 canisae
600 1103 624 1122 ab

91 1129 129 1149 illia
151 1130 225 1150 ostentis
246 1129 324 1149 deorum
343 1131 377 1150 iras
395 1131 548 1156 portendentibus
566 1131 624 1155 repeti

123 1164 126 1167 ·
546 1158 623 1185 poffenc
