2602 4814
219 492 300 577 3'80
605 491 904 567 Q*

316 671 374 754 nu
400 668 603 770 onuuu
628 669 1181 770 wunconsvnnonvn:
1209 743 1215 747 ,

209 808 300 903 „Ere
322 812 464 886 moribus
495 809 753 895 Germanorum.
781 805 863 889 Iure
890 816 1097 907 Comnmni.
1173 866 1226 915 ῳ·

268 946 328 1023 qne
342 923 476 1024 Imperii
490 947 666 1020 exponere,
701 922 826 1000 Vtrum
843 930 916 1005 cirri
933 931 978 1014 S.
996 938 1050 1017 R.
1071 939 1105 1018 Ι.
1123 942 1238 1016 Μαι

267 1061 372 1124 onor,
425 1035 478 1113 vei
504 1038 570 1111 riui
596 1045 677 1112 reru
700 1040 860 1116 ianitori
897 1043 1112 1128 Germaniae
1140 1049 1240 1130 naid

266 1152 485 1235 territorirm.
521 1151 679 1245 emigrare
696 1147 757 1247 sas
772 1152 837 1252 fit.
871 1166 909 1229 ct
935 1186 987 1237 an
1016 1175 1053 1240 et
1067 1178 1205 1263 quatem
1209 1166 1240 1264 i*

264 1260 368 1340 enitor
402 1263 585 1359 emigrandi
614 1266 741 1340 ratione
764 1267 1001 1369 personarum
1040 1290 1106 1354 aar
1131 1278 1240 1356 marm

265 1375 506 1481 circumscripto
520 1376 598 1479 stt?

411 1531 586 1626 Quaestio
615 1530 830 1614 ORDINIS
854 1533 1096 1627 MEDICIr

207 1642 348 1750 „Quum
362 1651 544 1744 tantoperei
557 1651 667 1750 nterfit
692 1648 905 1739 medicorum,
943 1655 1039 1761 noffe
1060 1663 1244 1767 tarnim

187 1811 191 1819 .
262 1762 366 1860 cipio,
405 1783 502 1858 eoque
517 1763 587 1863 stne
614 1758 713 1839 dubio
740 1789 807 1839 non
833 1788 918 1839 raro
948 1795 976 1846 a
1001 1773 1188 1876 {iepram
1203 1780 1245 1854 ni

261 1899 324 1950 nor
345 1874 500 1951 mixtione
509 1873 688 1975 pendeant,
730 1885 826 1975 optat
853 1876 954 1956 Ordo
979 1876 1145 1982 medicus,⁴
1177 1903 1246 1969 rin
1274 1983 1276 1985 ‚

260 1987 345 2087 infla
380 1989 494 2064 vrinae
520 1988 645 2092 sanor.
689 1992 839 2089 propriis
875 2001 1119 2092 experimenta
1140 2004 1245 2111 [eiffela

258 2101 404 2205 anniyfi,
434 2113 591 2198 quonium
604 2099 691 2188 iicet,
716 2103 962 2192 determinetur.
985 2137 1154 2208 quaenam
1168 2125 1247 2196 mira

258 2217 360 2300 vitio,
388 2213 471 2291 hanc
484 2217 549 2291 einr
560 2218 709 2315 partium
721 2219 905 2292 mixtionem
916 2222 1140 2321 speiiantia.
1159 2230 1245 2338 saida

258 2351 371 2403 renum
388 2337 390 2341 '
406 2325 589 2426 eninrioqne
620 2333 775 2426 originem
798 2328 1005 2429 praebeant.
1055 2358 1092 2421 et
1122 2367 1245 2445 quaem

257 2441 373 2517 exinde
391 2442 605 2543 confidam,
640 2452 708 2517 tren
732 2447 766 2518 in
782 2450 1039 2543 praecurrendo,
1082 2470 1154 2539 inm
1168 2464 1197 2538 in
1206 2459 1245 2563 i*

257 2552 370 2627 nando
397 2551 457 2627 nor
483 2555 570 2630 maio
591 2556 759 2655 profirno.
791 2559 915 2653 sinant.

314 2701 450 2783 Ordini
474 2701 731 2805 philosophico
762 2705 932 2812 singulari
962 2714 1103 2817 aliquo
1131 2717 1246 2800 munii

199 2816 340 2899 centiae
374 2815 510 2916 Regiae
549 2818 721 2916 exemplo
755 2825 931 2920 contigit,
990 2843 1033 2904 vt
1063 2834 1107 2910 in
1134 2856 1244 2912 annun

199 2934 365 3010 futurum
396 2931 479 3007 bina
505 2932 664 3031 praemia
691 2933 934 3011 distribuenda
960 2941 1141 3048 adeoque
1167 2953 1243 3045 bina

197 3047 426 3147 quaestiones
444 3067 652 3145 proponere
667 3043 781 3144 poific
841 3044 946 3125 Grati
971 3055 1108 3155 itaque
1137 3082 1174 3139 et
1193 3080 1242 3137 nn

196 3157 418 3238 beneficium
446 3157 519 3234 hoc
545 3154 704 3256 Regium
727 3159 956 3257 agnoscimus
987 3181 1026 3243 et
1056 3193 1128 3250 vos
1152 3195 1243 3273 agno

194 3273 318 3362 scetis,
356 3270 655 3358 conmilitones,
694 3273 997 3372 quandoquidem
1025 3283 1243 3362 nunciandi

192 3386 433 3485 reportandae
457 3398 494 3460 et
519 3385 682 3482 praemio
707 3386 965 3486 consequendo
983 3391 1133 3492 duplex
1149 3397 1245 3476 facul·-

192 3509 246 3574 tan
270 3512 307 3574 et
329 3499 585 3598 opportunitas
612 3498 753 3594 vobis,¹
775 3503 840 3598 qui
871 3502 910 3575 in
935 3501 1079 3584 litteras
1103 3509 1245 3612 exquii·

192 3613 324 3698 tiores,
360 3611 521 3705 historici
541 3611 687 3708 inprin²
767 3613 1002 3714 <geographici
1028 3635 1068 3695 et
1090 3629 1246 3724 antiqua·

191 3722 241 3799 rii
266 3725 428 3823 generis,
476 3725 620 3800 innume
787 3726 1037 3826 *proposita
1086 3759 1159 3814 nec
1187 3740 1247 3815 erit

191 3834 515 3936 conquerendum,
565 3858 653 3936 quar
748 3861 849 3915 ..ram
881 3854 1036 3920 aetatem
1062 3847 1246 3928 incusandi

99 3981 102 3987 ·
192 3950 278 4027 alias
299 3945 413 4024 caussa
431 3947 510 4024 satin
529 3949 617 4025 iusta
631 3949 802 4039 haoetur‚
829 3952 957 4030 litteris
973 3958 1244 4049 eruditioribus.

191 4079 228 4140 et
245 4062 327 4164 plus
350 4057 490 4160 ingenii
511 4065 687 4167 acuminis
704 4076 741 4138 et
758 4063 863 4142 studii
884 4065 948 4144 fibi
965 4070 1244 4167 postulantibus.

190 4176 293 4257 nulia
310 4177 503 4255 constituta
529 4171 597 4253 elie
618 4180 778 4278 praemia
805 4177 886 4257 satis
913 4180 1036 4291 digna.

966 4317 968 4320 ·
1109 4297 1245 4408 Propo-
