<?xml version="1.0" encoding="UTF-8"?>
<!DOCTYPE html PUBLIC "-//W3C//DTD XHTML 1.0 Transitional//EN"
    "http://www.w3.org/TR/xhtml1/DTD/xhtml1-transitional.dtd">
<html xmlns="http://www.w3.org/1999/xhtml" xml:lang="en" lang="en">
 <head>
  <title>
</title>
<meta http-equiv="Content-Type" content="text/html;charset=utf-8" />
  <meta name='ocr-system' content='tesseract 3.04.00' />
  <meta name='ocr-capabilities' content='ocr_page ocr_carea ocr_par ocr_line ocrx_word'/>
</head>
<body>
  <div class='ocr_page' id='page_1' title='image "./chrgheyniiprofe00heyngoog_0169.png"; bbox 0 0 2580 4996; ppageno 0'>
   <div class='ocr_carea' id='block_1_1' title="bbox 78 768 1265 3606">
    <p class='ocr_par' dir='ltr' id='par_1_1' title="bbox 80 768 1240 2710">
     <span class='ocr_line' id='line_1_1' title="bbox 173 768 1240 888; baseline 0.011 -24"><span class='ocrx_word' id='word_1_1' title='bbox 173 808 271 867; x_wconf 88' lang='lat' dir='ltr'>noua</span> <span class='ocrx_word' id='word_1_2' title='bbox 297 786 524 887; x_wconf 84' lang='lat' dir='ltr'>respublica,</span> <span class='ocrx_word' id='word_1_3' title='bbox 557 768 672 866; x_wconf 31' lang='lat' dir='ltr'>euius*</span> <span class='ocrx_word' id='word_1_4' title='bbox 688 803 798 888; x_wconf 91' lang='lat' dir='ltr'>caput</span> <span class='ocrx_word' id='word_1_5' title='bbox 820 785 1027 870; x_wconf 86' lang='lat' dir='ltr'>Corfinium</span> <span class='ocrx_word' id='word_1_6' title='bbox 1042 803 1240 881; x_wconf 83' lang='lat' dir='ltr'>eratuune</span> 
     </span>
     <span class='ocr_line' id='line_1_2' title="bbox 172 897 1232 1008; baseline 0.009 -30"><span class='ocrx_word' id='word_1_7' title='bbox 172 900 298 982; x_wconf 88' lang='lat' dir='ltr'>Italica</span> <span class='ocrx_word' id='word_1_8' title='bbox 322 900 432 996; x_wconf 75' lang='lat' dir='ltr'>dieta,</span> <span class='ocrx_word' id='word_1_9' title='bbox 470 900 621 980; x_wconf 88' lang='lat' dir='ltr'>Senatus</span> <span class='ocrx_word' id='word_1_10' title='bbox 644 897 694 979; x_wconf 94' lang='lat' dir='ltr'>D.</span> <span class='ocrx_word' id='word_1_11' title='bbox 719 901 901 992; x_wconf 88' lang='lat' dir='ltr'>virorum,</span> <span class='ocrx_word' id='word_1_12' title='bbox 941 906 1019 982; x_wconf 92' lang='lat' dir='ltr'>bini</span> <span class='ocrx_word' id='word_1_13' title='bbox 1034 914 1232 1008; x_wconf 76' lang='lat' dir='ltr'><strong>quotannis</strong></span> 
     </span>
     <span class='ocr_line' id='line_1_3' title="bbox 173 1011 1233 1118; baseline 0.001 -19"><span class='ocrx_word' id='word_1_14' title='bbox 173 1013 260 1099; x_wconf 82' lang='lat' dir='ltr'>coti.</span> <span class='ocrx_word' id='word_1_15' title='bbox 279 1012 368 1093; x_wconf 90' lang='lat' dir='ltr'>XlI.</span> <span class='ocrx_word' id='word_1_16' title='bbox 388 1029 593 1115; x_wconf 82' lang='lat' dir='ltr'>praetores3</span> <span class='ocrx_word' id='word_1_17' title='bbox 625 1014 886 1093; x_wconf 88' lang='lat' dir='ltr'>administratae</span> <span class='ocrx_word' id='word_1_18' title='bbox 908 1041 965 1096; x_wconf 89' lang='lat' dir='ltr'>res</span> <span class='ocrx_word' id='word_1_19' title='bbox 982 1019 1185 1118; x_wconf 79' lang='lat' dir='ltr'>prudenter</span> <span class='ocrx_word' id='word_1_20' title='bbox 1199 1011 1233 1101; x_wconf 86' lang='lat' dir='ltr'>et</span> 
     </span>
     <span class='ocr_line' id='line_1_4' title="bbox 172 1127 1233 1231; baseline 0.008 -26"><span class='ocrx_word' id='word_1_21' title='bbox 172 1130 387 1231; x_wconf 84' lang='lat' dir='ltr'>vigilanter,</span> <span class='ocrx_word' id='word_1_22' title='bbox 419 1129 486 1206; x_wconf 82' lang='lat' dir='ltr'>aui</span> <span class='ocrx_word' id='word_1_23' title='bbox 509 1127 686 1217; x_wconf 82' lang='lat' dir='ltr'>deletius,</span> <span class='ocrx_word' id='word_1_24' title='bbox 724 1129 865 1207; x_wconf 77' lang='lat' dir='ltr'>coatiae</span> <span class='ocrx_word' id='word_1_25' title='bbox 888 1136 1085 1231; x_wconf 89' lang='lat' dir='ltr'>pecuniae,</span> <span class='ocrx_word' id='word_1_26' title='bbox 1112 1151 1233 1224; x_wconf 86' lang='lat' dir='ltr'>curata</span> 
     </span>
     <span class='ocr_line' id='line_1_5' title="bbox 96 1238 1233 1342; baseline 0.008 -22"><span class='ocrx_word' id='word_1_27' title='bbox 96 1289 99 1293; x_wconf 30' lang='grc' dir='ltr'><em>ι</em></span> <span class='ocrx_word' id='word_1_28' title='bbox 173 1246 320 1332; x_wconf 89' lang='lat' dir='ltr'>omnia,</span> <span class='ocrx_word' id='word_1_29' title='bbox 356 1264 450 1342; x_wconf 89' lang='lat' dir='ltr'>quae</span> <span class='ocrx_word' id='word_1_30' title='bbox 473 1242 518 1318; x_wconf 93' lang='lat' dir='ltr'>ad</span> <span class='ocrx_word' id='word_1_31' title='bbox 549 1241 688 1318; x_wconf 90' lang='lat' dir='ltr'>bellum</span> <span class='ocrx_word' id='word_1_32' title='bbox 706 1238 1032 1322; x_wconf 17' lang='lat' dir='ltr'>elsentvneceisaria.</span> <span class='ocrx_word' id='word_1_33' title='bbox 1093 1247 1143 1325; x_wconf 82' lang='lat' dir='ltr'>At</span> <span class='ocrx_word' id='word_1_34' title='bbox 1158 1249 1233 1329; x_wconf 87' lang='lat' dir='ltr'>Ro·</span> 
     </span>
     <span class='ocr_line' id='line_1_6' title="bbox 172 1349 1232 1448; baseline 0.008 -14"><span class='ocrx_word' id='word_1_35' title='bbox 172 1382 271 1435; x_wconf 90' lang='lat' dir='ltr'>mam</span> <span class='ocrx_word' id='word_1_36' title='bbox 297 1380 382 1434; x_wconf 90' lang='lat' dir='ltr'>cum</span> <span class='ocrx_word' id='word_1_37' title='bbox 403 1356 493 1433; x_wconf 88' lang='lat' dir='ltr'>haec</span> <span class='ocrx_word' id='word_1_38' title='bbox 517 1352 629 1436; x_wconf 83' lang='lat' dir='ltr'>essent</span> <span class='ocrx_word' id='word_1_39' title='bbox 645 1349 828 1448; x_wconf 88' lang='lat' dir='ltr'>nuntiata,</span> <span class='ocrx_word' id='word_1_40' title='bbox 858 1358 919 1434; x_wconf 91' lang='lat' dir='ltr'>alii</span> <span class='ocrx_word' id='word_1_41' title='bbox 935 1373 1088 1443; x_wconf 88' lang='lat' dir='ltr'>conatus</span> <span class='ocrx_word' id='word_1_42' title='bbox 1105 1361 1232 1441; x_wconf 85' lang='lat' dir='ltr'>Socio-</span> 
     </span>
     <span class='ocr_line' id='line_1_7' title="bbox 170 1468 1231 1569; baseline 0.005 -21"><span class='ocrx_word' id='word_1_43' title='bbox 170 1496 255 1548; x_wconf 89' lang='lat' dir='ltr'>rum</span> <span class='ocrx_word' id='word_1_44' title='bbox 273 1485 446 1569; x_wconf 85' lang='lat' dir='ltr'>tanquam</span> <span class='ocrx_word' id='word_1_45' title='bbox 462 1471 672 1546; x_wconf 88' lang='lat' dir='ltr'>temerarios</span> <span class='ocrx_word' id='word_1_46' title='bbox 685 1468 853 1559; x_wconf 89' lang='lat' dir='ltr'>irridere,</span> <span class='ocrx_word' id='word_1_47' title='bbox 879 1472 1092 1555; x_wconf 81' lang='lat' dir='ltr'>‘vecordiam</span> <span class='ocrx_word' id='word_1_48' title='bbox 1113 1475 1231 1556; x_wconf 88' lang='lat' dir='ltr'>homi·</span> 
     </span>
     <span class='ocr_line' id='line_1_8' title="bbox 169 1574 1229 1676; baseline 0.006 -14"><span class='ocrx_word' id='word_1_49' title='bbox 169 1608 261 1662; x_wconf 90' lang='lat' dir='ltr'>num</span> <span class='ocrx_word' id='word_1_50' title='bbox 281 1596 318 1659; x_wconf 85' lang='lat' dir='ltr'>et</span> <span class='ocrx_word' id='word_1_51' title='bbox 335 1581 566 1661; x_wconf 84' lang='lat' dir='ltr'>stoliditatem</span> <span class='ocrx_word' id='word_1_52' title='bbox 582 1574 789 1673; x_wconf 85' lang='lat' dir='ltr'>exsibilare,</span> <span class='ocrx_word' id='word_1_53' title='bbox 818 1584 884 1673; x_wconf 59' lang='lat' dir='ltr'>alti,</span> <span class='ocrx_word' id='word_1_54' title='bbox 894 1587 1110 1664; x_wconf 87' lang='lat' dir='ltr'>truculentis</span> <span class='ocrx_word' id='word_1_55' title='bbox 1127 1591 1229 1676; x_wconf 72' lang='lat' dir='ltr'>dietis</span> 
     </span>
     <span class='ocr_line' id='line_1_9' title="bbox 171 1696 1226 1799; baseline 0.008 -27"><span class='ocrx_word' id='word_1_56' title='bbox 171 1697 346 1796; x_wconf 71' lang='lat' dir='ltr'>fastisque</span> <span class='ocrx_word' id='word_1_57' title='bbox 379 1697 564 1773; x_wconf 82' lang='lat' dir='ltr'>audaciam</span> <span class='ocrx_word' id='word_1_58' title='bbox 595 1696 786 1794; x_wconf 84' lang='lat' dir='ltr'>castigare,</span> <span class='ocrx_word' id='word_1_59' title='bbox 830 1721 908 1774; x_wconf 88' lang='lat' dir='ltr'>rem</span> <span class='ocrx_word' id='word_1_60' title='bbox 933 1700 1121 1799; x_wconf 85' lang='lat' dir='ltr'>indignam</span> <span class='ocrx_word' id='word_1_61' title='bbox 1147 1707 1226 1794; x_wconf 90' lang='lat' dir='ltr'>rati,</span> 
     </span>
     <span class='ocr_line' id='line_1_10' title="bbox 92 1809 1231 1912; baseline 0.008 -26"><span class='ocrx_word' id='word_1_62' title='bbox 92 1849 95 1854; x_wconf 18' lang='grc' dir='ltr'><strong>Δ</strong></span> <span class='ocrx_word' id='word_1_63' title='bbox 170 1811 274 1912; x_wconf 92' lang='lat' dir='ltr'>quod</span> <span class='ocrx_word' id='word_1_64' title='bbox 296 1809 482 1898; x_wconf 88' lang='lat' dir='ltr'>homines,</span> <span class='ocrx_word' id='word_1_65' title='bbox 512 1812 577 1909; x_wconf 93' lang='lat' dir='ltr'>qui</span> <span class='ocrx_word' id='word_1_66' title='bbox 595 1809 715 1885; x_wconf 90' lang='lat' dir='ltr'>adhuc</span> <span class='ocrx_word' id='word_1_67' title='bbox 733 1809 926 1888; x_wconf 85' lang='lat' dir='ltr'>Sociorum</span> <span class='ocrx_word' id='word_1_68' title='bbox 942 1820 1094 1891; x_wconf 91' lang='lat' dir='ltr'>nomine</span> <span class='ocrx_word' id='word_1_69' title='bbox 1113 1815 1231 1895; x_wconf 87' lang='lat' dir='ltr'>habiti</span> 
     </span>
     <span class='ocr_line' id='line_1_11' title="bbox 169 1920 1230 2025; baseline 0.008 -24"><span class='ocrx_word' id='word_1_70' title='bbox 169 1938 292 2011; x_wconf 87' lang='lat' dir='ltr'>erant,</span> <span class='ocrx_word' id='word_1_71' title='bbox 330 1922 397 2000; x_wconf 88' lang='lat' dir='ltr'>fibi</span> <span class='ocrx_word' id='word_1_72' title='bbox 419 1925 561 2001; x_wconf 87' lang='lat' dir='ltr'>ciuibus</span> <span class='ocrx_word' id='word_1_73' title='bbox 594 1920 771 2003; x_wconf 90' lang='lat' dir='ltr'>Romanis</span> <span class='ocrx_word' id='word_1_74' title='bbox 803 1928 949 2025; x_wconf 89' lang='lat' dir='ltr'>aequari</span> <span class='ocrx_word' id='word_1_75' title='bbox 970 1928 1141 2023; x_wconf 57' lang='lat' dir='ltr'>vellentp</span> <span class='ocrx_word' id='word_1_76' title='bbox 1167 1932 1230 2008; x_wconf 91' lang='lat' dir='ltr'>alii</span> 
     </span>
     <span class='ocr_line' id='line_1_12' title="bbox 168 2036 1228 2140; baseline 0.007 -25"><span class='ocrx_word' id='word_1_77' title='bbox 168 2036 324 2140; x_wconf 89' lang='lat' dir='ltr'>periculi</span> <span class='ocrx_word' id='word_1_78' title='bbox 345 2037 636 2137; x_wconf 83' lang='lat' dir='ltr'>magnitudinem</span> <span class='ocrx_word' id='word_1_79' title='bbox 659 2036 912 2116; x_wconf 84' lang='lat' dir='ltr'>dissimulando</span> <span class='ocrx_word' id='word_1_80' title='bbox 929 2039 1090 2132; x_wconf 85' lang='lat' dir='ltr'>eleuare,</span> <span class='ocrx_word' id='word_1_81' title='bbox 1131 2045 1228 2122; x_wconf 86' lang='lat' dir='ltr'>vires</span> 
     </span>
     <span class='ocr_line' id='line_1_13' title="bbox 167 2149 1224 2253; baseline 0.005 -24"><span class='ocrx_word' id='word_1_82' title='bbox 167 2153 314 2253; x_wconf 90' lang='lat' dir='ltr'>imperii</span> <span class='ocrx_word' id='word_1_83' title='bbox 345 2154 385 2227; x_wconf 91' lang='lat' dir='ltr'>in</span> <span class='ocrx_word' id='word_1_84' title='bbox 407 2153 524 2228; x_wconf 84' lang='lat' dir='ltr'>maius</span> <span class='ocrx_word' id='word_1_85' title='bbox 544 2149 691 2240; x_wconf 87' lang='lat' dir='ltr'>efferre,</span> <span class='ocrx_word' id='word_1_86' title='bbox 730 2150 923 2230; x_wconf 82' lang='lat' dir='ltr'>Sociorum</span> <span class='ocrx_word' id='word_1_87' title='bbox 954 2177 1010 2231; x_wconf 87' lang='lat' dir='ltr'>res</span> <span class='ocrx_word' id='word_1_88' title='bbox 1033 2170 1224 2237; x_wconf 88' lang='lat' dir='ltr'>contemtu</span> 
     </span>
     <span class='ocr_line' id='line_1_14' title="bbox 167 2251 1223 2366; baseline 0.006 -24"><span class='ocrx_word' id='word_1_89' title='bbox 167 2267 390 2366; x_wconf 83' lang='lat' dir='ltr'>deprimere,</span> <span class='ocrx_word' id='word_1_90' title='bbox 415 2264 578 2343; x_wconf 86' lang='lat' dir='ltr'>furorem</span> <span class='ocrx_word' id='word_1_91' title='bbox 592 2267 796 2366; x_wconf 87' lang='lat' dir='ltr'>increpare,</span> <span class='ocrx_word' id='word_1_92' title='bbox 823 2266 999 2344; x_wconf 90' lang='lat' dir='ltr'>inuidiam</span> <span class='ocrx_word' id='word_1_93' title='bbox 1014 2271 1058 2345; x_wconf 82' lang='lat' dir='ltr'>iis</span> <span class='ocrx_word' id='word_1_94' title='bbox 1073 2285 1110 2348; x_wconf 90' lang='lat' dir='ltr'>et</span> <span class='ocrx_word' id='word_1_95' title='bbox 1120 2251 1223 2362; x_wconf 80' lang='lat' dir='ltr'>odia,</span> 
     </span>
     <span class='ocr_line' id='line_1_15' title="bbox 167 2369 1225 2478; baseline 0.009 -25"><span class='ocrx_word' id='word_1_96' title='bbox 167 2381 414 2478; x_wconf 82' lang='lat' dir='ltr'>undecunque</span> <span class='ocrx_word' id='word_1_97' title='bbox 428 2402 485 2454; x_wconf 86' lang='lat' dir='ltr'>res</span> <span class='ocrx_word' id='word_1_98' title='bbox 500 2379 619 2476; x_wconf 85' lang='lat' dir='ltr'>daret,</span> <span class='ocrx_word' id='word_1_99' title='bbox 650 2381 816 2456; x_wconf 88' lang='lat' dir='ltr'>excitare.</span> <span class='ocrx_word' id='word_1_100' title='bbox 839 2369 842 2374; x_wconf 64' lang='grc'><strong>’</strong></span> <span class='ocrx_word' id='word_1_101' title='bbox 878 2379 929 2457; x_wconf 88' lang='lat' dir='ltr'>Ita</span> <span class='ocrx_word' id='word_1_102' title='bbox 949 2379 1046 2458; x_wconf 87' lang='lat' dir='ltr'>missa</span> <span class='ocrx_word' id='word_1_103' title='bbox 1066 2381 1225 2464; x_wconf 89' lang='lat' dir='ltr'>Romam</span> 
     </span>
     <span class='ocr_line' id='line_1_16' title="bbox 166 2491 1223 2592; baseline 0.008 -24"><span class='ocrx_word' id='word_1_104' title='bbox 166 2493 326 2592; x_wconf 88' lang='lat' dir='ltr'>legatio,</span> <span class='ocrx_word' id='word_1_105' title='bbox 344 2491 497 2592; x_wconf 86' lang='lat' dir='ltr'>superbe</span> <span class='ocrx_word' id='word_1_106' title='bbox 522 2505 685 2592; x_wconf 90' lang='lat' dir='ltr'>accepta,</span> <span class='ocrx_word' id='word_1_107' title='bbox 729 2495 860 2570; x_wconf 88' lang='lat' dir='ltr'>mixtas</span> <span class='ocrx_word' id='word_1_108' title='bbox 879 2498 1083 2572; x_wconf 89' lang='lat' dir='ltr'>contemtui</span> <span class='ocrx_word' id='word_1_109' title='bbox 1106 2501 1223 2576; x_wconf 81' lang='lat' dir='ltr'>minas</span> 
     </span>
     <span class='ocr_line' id='line_1_17' title="bbox 80 2604 1225 2710; baseline 0.009 -29"><span class='ocrx_word' id='word_1_110' title='bbox 80 2626 84 2630; x_wconf 88' lang='grc'><strong><em>·</em></strong></span> <span class='ocrx_word' id='word_1_111' title='bbox 166 2608 401 2683; x_wconf 87' lang='lat' dir='ltr'>renuntiauit.</span> <span class='ocrx_word' id='word_1_112' title='bbox 477 2605 567 2684; x_wconf 92' lang='lat' dir='ltr'>Non</span> <span class='ocrx_word' id='word_1_113' title='bbox 591 2604 740 2706; x_wconf 91' lang='lat' dir='ltr'>quidem</span> <span class='ocrx_word' id='word_1_114' title='bbox 772 2606 939 2698; x_wconf 89' lang='lat' dir='ltr'>deerant,</span> <span class='ocrx_word' id='word_1_115' title='bbox 980 2612 1048 2710; x_wconf 93' lang='lat' dir='ltr'>qui</span> <span class='ocrx_word' id='word_1_116' title='bbox 1077 2613 1225 2691; x_wconf 90' lang='lat' dir='ltr'>mitiora</span> 
     </span>
    </p>

    <p class='ocr_par' dir='ltr' id='par_1_2' title="bbox 78 2718 1265 3606">
     <span class='ocr_line' id='line_1_18' title="bbox 120 2718 1226 2823; baseline 0.006 -26"><span class='ocrx_word' id='word_1_117' title='bbox 120 2744 122 2747; x_wconf 83' lang='lat'>·</span> <span class='ocrx_word' id='word_1_118' title='bbox 164 2720 372 2808; x_wconf 87' lang='lat' dir='ltr'>suaderent,</span> <span class='ocrx_word' id='word_1_119' title='bbox 409 2732 447 2796; x_wconf 86' lang='lat' dir='ltr'>et</span> <span class='ocrx_word' id='word_1_120' title='bbox 467 2732 570 2798; x_wconf 89' lang='lat' dir='ltr'>erant</span> <span class='ocrx_word' id='word_1_121' title='bbox 594 2719 700 2796; x_wconf 91' lang='lat' dir='ltr'>multi</span> <span class='ocrx_word' id='word_1_122' title='bbox 724 2743 744 2795; x_wconf 89' lang='lat' dir='ltr'>e</span> <span class='ocrx_word' id='word_1_123' title='bbox 766 2718 942 2798; x_wconf 84' lang='lat' dir='ltr'>Romanis</span> <span class='ocrx_word' id='word_1_124' title='bbox 961 2723 1226 2823; x_wconf 83' lang='lat' dir='ltr'>consanguinei</span> 
     </span>
     <span class='ocr_line' id='line_1_19' title="bbox 80 2831 1224 2936; baseline 0.005 -26"><span class='ocrx_word' id='word_1_125' title='bbox 80 2868 86 2877; x_wconf 52' lang='grc'>’</span> <span class='ocrx_word' id='word_1_126' title='bbox 115 2900 122 2917; x_wconf 82' lang='grc'><em>,</em></span> <span class='ocrx_word' id='word_1_127' title='bbox 166 2850 203 2911; x_wconf 92' lang='lat' dir='ltr'>et</span> <span class='ocrx_word' id='word_1_128' title='bbox 229 2831 354 2910; x_wconf 88' lang='lat' dir='ltr'>affines</span> <span class='ocrx_word' id='word_1_129' title='bbox 381 2832 518 2936; x_wconf 81' lang='lat' dir='ltr'>usuque</span> <span class='ocrx_word' id='word_1_130' title='bbox 544 2849 580 2911; x_wconf 91' lang='lat' dir='ltr'>et</span> <span class='ocrx_word' id='word_1_131' title='bbox 604 2831 860 2912; x_wconf 80' lang='lat' dir='ltr'>necessitudine</span> <span class='ocrx_word' id='word_1_132' title='bbox 885 2859 970 2913; x_wconf 91' lang='lat' dir='ltr'>cum</span> <span class='ocrx_word' id='word_1_133' title='bbox 992 2839 1036 2912; x_wconf 91' lang='lat' dir='ltr'>iis</span> <span class='ocrx_word' id='word_1_134' title='bbox 1052 2839 1164 2918; x_wconf 76' lang='lat' dir='ltr'>iunili</span> <span class='ocrx_word' id='word_1_135' title='bbox 1182 2843 1224 2917; x_wconf 91' lang='lat' dir='ltr'>in</span> 
     </span>
     <span class='ocr_line' id='line_1_20' title="bbox 78 2947 1223 3049; baseline 0.003 -23"><span class='ocrx_word' id='word_1_136' title='bbox 78 2975 82 2989; x_wconf 70' lang='lat'><strong><em>¹</em></strong></span> <span class='ocrx_word' id='word_1_137' title='bbox 165 2971 262 3049; x_wconf 88' lang='lat' dir='ltr'>quos</span> <span class='ocrx_word' id='word_1_138' title='bbox 287 2969 386 3032; x_wconf 90' lang='lat' dir='ltr'>nunc</span> <span class='ocrx_word' id='word_1_139' title='bbox 408 2970 506 3025; x_wconf 90' lang='lat' dir='ltr'>arma</span> <span class='ocrx_word' id='word_1_140' title='bbox 528 2962 630 3025; x_wconf 89' lang='lat' dir='ltr'>eraut</span> <span class='ocrx_word' id='word_1_141' title='bbox 649 2947 874 3046; x_wconf 88' lang='lat' dir='ltr'>stringenda;</span> <span class='ocrx_word' id='word_1_142' title='bbox 902 2973 971 3027; x_wconf 89' lang='lat' dir='ltr'>nec</span> <span class='ocrx_word' id='word_1_143' title='bbox 987 2952 1032 3027; x_wconf 88' lang='lat' dir='ltr'>ab</span> <span class='ocrx_word' id='word_1_144' title='bbox 1052 2975 1140 3030; x_wconf 86' lang='lat' dir='ltr'>vero</span> <span class='ocrx_word' id='word_1_145' title='bbox 1159 2954 1223 3030; x_wconf 88' lang='lat' dir='ltr'>ab·</span> 
     </span>
     <span class='ocr_line' id='line_1_21' title="bbox 164 3056 1265 3165; baseline 0.004 -25"><span class='ocrx_word' id='word_1_146' title='bbox 164 3063 308 3149; x_wconf 90' lang='lat' dir='ltr'>horret,</span> <span class='ocrx_word' id='word_1_147' title='bbox 338 3062 440 3160; x_wconf 92' lang='lat' dir='ltr'>quod</span> <span class='ocrx_word' id='word_1_148' title='bbox 462 3077 645 3139; x_wconf 90' lang='lat' dir='ltr'>narratum</span> <span class='ocrx_word' id='word_1_149' title='bbox 669 3060 737 3146; x_wconf 90' lang='lat' dir='ltr'>est,</span> <span class='ocrx_word' id='word_1_150' title='bbox 769 3061 987 3165; x_wconf 84' lang='lat' dir='ltr'>clandestina</span> <span class='ocrx_word' id='word_1_151' title='bbox 1009 3087 1095 3142; x_wconf 90' lang='lat' dir='ltr'>cum</span> <span class='ocrx_word' id='word_1_152' title='bbox 1112 3066 1224 3144; x_wconf 88' lang='lat' dir='ltr'>hosti·</span> <span class='ocrx_word' id='word_1_153' title='bbox 1262 3056 1265 3060; x_wconf 66' lang='grc'><strong>’</strong></span> 
     </span>
     <span class='ocr_line' id='line_1_22' title="bbox 165 3171 1222 3278; baseline 0.004 -24"><span class='ocrx_word' id='word_1_154' title='bbox 165 3178 234 3254; x_wconf 89' lang='lat' dir='ltr'>bus</span> <span class='ocrx_word' id='word_1_155' title='bbox 258 3175 407 3253; x_wconf 82' lang='lat' dir='ltr'>confilia</span> <span class='ocrx_word' id='word_1_156' title='bbox 429 3201 449 3252; x_wconf 90' lang='lat' dir='ltr'>a</span> <span class='ocrx_word' id='word_1_157' title='bbox 473 3175 664 3253; x_wconf 90' lang='lat' dir='ltr'>nonnullis</span> <span class='ocrx_word' id='word_1_158' title='bbox 687 3171 755 3251; x_wconf 84' lang='lat' dir='ltr'>else</span> <span class='ocrx_word' id='word_1_159' title='bbox 777 3179 927 3275; x_wconf 84' lang='lat' dir='ltr'>agitata3</span> <span class='ocrx_word' id='word_1_160' title='bbox 954 3179 1151 3278; x_wconf 89' lang='lat' dir='ltr'>plerosque</span> <span class='ocrx_word' id='word_1_161' title='bbox 1169 3194 1222 3257; x_wconf 90' lang='lat' dir='ltr'>ta·</span> 
     </span>
     <span class='ocr_line' id='line_1_23' title="bbox 163 3287 1223 3380; baseline -0.001 -10"><span class='ocrx_word' id='word_1_162' title='bbox 163 3314 249 3370; x_wconf 91' lang='lat' dir='ltr'>men</span> <span class='ocrx_word' id='word_1_163' title='bbox 273 3303 373 3377; x_wconf 88' lang='lat' dir='ltr'>metu</span> <span class='ocrx_word' id='word_1_164' title='bbox 397 3287 655 3377; x_wconf 87' lang='lat' dir='ltr'>conticescere,</span> <span class='ocrx_word' id='word_1_165' title='bbox 685 3289 870 3368; x_wconf 90' lang='lat' dir='ltr'>interdum</span> <span class='ocrx_word' id='word_1_166' title='bbox 887 3294 1014 3380; x_wconf 89' lang='lat' dir='ltr'>etiam,</span> <span class='ocrx_word' id='word_1_167' title='bbox 1043 3315 1091 3367; x_wconf 92' lang='lat' dir='ltr'>ne</span> <span class='ocrx_word' id='word_1_168' title='bbox 1107 3296 1146 3369; x_wconf 89' lang='lat' dir='ltr'>in</span> <span class='ocrx_word' id='word_1_169' title='bbox 1164 3294 1223 3369; x_wconf 89' lang='lat' dir='ltr'>su·</span> 
     </span>
     <span class='ocr_line' id='line_1_24' title="bbox 162 3404 1219 3506; baseline 0.002 -25"><span class='ocrx_word' id='word_1_170' title='bbox 162 3404 363 3502; x_wconf 86' lang='lat' dir='ltr'>spicionem</span> <span class='ocrx_word' id='word_1_171' title='bbox 382 3405 569 3497; x_wconf 81' lang='lat' dir='ltr'>venirent,</span> <span class='ocrx_word' id='word_1_172' title='bbox 597 3404 766 3504; x_wconf 85' lang='lat' dir='ltr'>grauiora</span> <span class='ocrx_word' id='word_1_173' title='bbox 786 3427 896 3506; x_wconf 89' lang='lat' dir='ltr'>quam</span> <span class='ocrx_word' id='word_1_174' title='bbox 913 3417 1052 3482; x_wconf 87' lang='lat' dir='ltr'>ceteros</span> <span class='ocrx_word' id='word_1_175' title='bbox 1067 3404 1219 3483; x_wconf 88' lang='lat' dir='ltr'>statuere</span> 
     </span>
     <span class='ocr_line' id='line_1_25' title="bbox 162 3518 314 3606; baseline -0.013 -10"><span class='ocrx_word' id='word_1_176' title='bbox 162 3518 314 3606; x_wconf 76' lang='lat' dir='ltr'>uideres.</span> 
     </span>
    </p>
   </div>
   <div class='ocr_carea' id='block_1_2' title="bbox 41 3732 1222 4496">
    <p class='ocr_par' dir='ltr' id='par_1_3' title="bbox 41 3732 1221 4409">
     <span class='ocr_line' id='line_1_26' title="bbox 41 3732 1220 3827; baseline 0.006 -18"><span class='ocrx_word' id='word_1_177' title='bbox 41 3738 46 3752; x_wconf 85' lang='grc'><em>“</em></span> <span class='ocrx_word' id='word_1_178' title='bbox 164 3811 168 3819; x_wconf 78' lang='grc'><em>,</em></span> <span class='ocrx_word' id='word_1_179' title='bbox 274 3733 417 3812; x_wconf 84' lang='lat' dir='ltr'>Verum</span> <span class='ocrx_word' id='word_1_180' title='bbox 441 3759 510 3813; x_wconf 89' lang='lat' dir='ltr'>nec</span> <span class='ocrx_word' id='word_1_181' title='bbox 532 3733 793 3814; x_wconf 85' lang='lat' dir='ltr'>moderatiores</span> <span class='ocrx_word' id='word_1_182' title='bbox 808 3736 903 3811; x_wconf 87' lang='lat' dir='ltr'>inter</span> <span class='ocrx_word' id='word_1_183' title='bbox 921 3732 1129 3827; x_wconf 86' lang='lat' dir='ltr'>Romanos,</span> <span class='ocrx_word' id='word_1_184' title='bbox 1156 3735 1220 3816; x_wconf 82' lang='lat' dir='ltr'>etfi</span> 
     </span>
     <span class='ocr_line' id='line_1_27' title="bbox 162 3845 1220 3950; baseline 0.001 -22"><span class='ocrx_word' id='word_1_185' title='bbox 162 3848 420 3947; x_wconf 84' lang='lat' dir='ltr'>intelligebant</span> <span class='ocrx_word' id='word_1_186' title='bbox 442 3872 557 3950; x_wconf 85' lang='lat' dir='ltr'>aequa</span> <span class='ocrx_word' id='word_1_187' title='bbox 581 3845 648 3931; x_wconf 89' lang='lat' dir='ltr'>else</span> <span class='ocrx_word' id='word_1_188' title='bbox 673 3870 768 3948; x_wconf 89' lang='lat' dir='ltr'>quae</span> <span class='ocrx_word' id='word_1_189' title='bbox 791 3848 1083 3949; x_wconf 84' lang='lat' dir='ltr'>postulabantur,</span> <span class='ocrx_word' id='word_1_190' title='bbox 1120 3852 1220 3930; x_wconf 81' lang='lat' dir='ltr'>unde</span> 
     </span>
     <span class='ocr_line' id='line_1_28' title="bbox 161 3959 1221 4065; baseline 0 -24"><span class='ocrx_word' id='word_1_191' title='bbox 161 3966 206 4042; x_wconf 91' lang='lat' dir='ltr'>iis</span> <span class='ocrx_word' id='word_1_192' title='bbox 232 3963 312 4039; x_wconf 86' lang='lat' dir='ltr'>satis</span> <span class='ocrx_word' id='word_1_193' title='bbox 336 3961 414 4040; x_wconf 84' lang='lat' dir='ltr'>fieri</span> <span class='ocrx_word' id='word_1_194' title='bbox 435 3959 568 4062; x_wconf 87' lang='lat' dir='ltr'>posset.</span> <span class='ocrx_word' id='word_1_195' title='bbox 609 3964 851 4062; x_wconf 86' lang='lat' dir='ltr'>reperiebant.</span> <span class='ocrx_word' id='word_1_196' title='bbox 908 3962 963 4053; x_wconf 91' lang='lat' dir='ltr'>Si,</span> <span class='ocrx_word' id='word_1_197' title='bbox 998 3963 1101 4065; x_wconf 93' lang='lat' dir='ltr'>quod</span> <span class='ocrx_word' id='word_1_198' title='bbox 1120 3980 1221 4064; x_wconf 88' lang='lat' dir='ltr'>pete·</span> 
     </span>
     <span class='ocr_line' id='line_1_29' title="bbox 75 4072 1221 4166; baseline 0.001 -12"><span class='ocrx_word' id='word_1_199' title='bbox 75 4125 79 4133; x_wconf 89' lang='lat'><strong>·</strong></span> <span class='ocrx_word' id='word_1_200' title='bbox 161 4079 287 4166; x_wconf 88' lang='lat' dir='ltr'>batur,</span> <span class='ocrx_word' id='word_1_201' title='bbox 314 4076 444 4161; x_wconf 26' lang='lat' dir='ltr'>,datum</span> <span class='ocrx_word' id='word_1_202' title='bbox 458 4072 559 4152; x_wconf 83' lang='lat' dir='ltr'>effer:</span> <span class='ocrx_word' id='word_1_203' title='bbox 585 4075 690 4153; x_wconf 77' lang='lat' dir='ltr'>audo</span> <span class='ocrx_word' id='word_1_204' title='bbox 706 4079 745 4151; x_wconf 90' lang='lat' dir='ltr'>in</span> <span class='ocrx_word' id='word_1_205' title='bbox 760 4076 977 4154; x_wconf 88' lang='lat' dir='ltr'>immensum</span> <span class='ocrx_word' id='word_1_206' title='bbox 997 4081 1134 4156; x_wconf 88' lang='lat' dir='ltr'>ciuium</span> <span class='ocrx_word' id='word_1_207' title='bbox 1151 4103 1221 4155; x_wconf 87' lang='lat' dir='ltr'>nu-</span> 
     </span>
     <span class='ocr_line' id='line_1_30' title="bbox 159 4188 1219 4288; baseline -0.002 -18"><span class='ocrx_word' id='word_1_208' title='bbox 159 4215 265 4270; x_wconf 88' lang='lat' dir='ltr'>mero</span> <span class='ocrx_word' id='word_1_209' title='bbox 296 4192 435 4267; x_wconf 89' lang='lat' dir='ltr'>turbari</span> <span class='ocrx_word' id='word_1_210' title='bbox 463 4189 628 4288; x_wconf 87' lang='lat' dir='ltr'>suffragia</span> <span class='ocrx_word' id='word_1_211' title='bbox 657 4188 872 4266; x_wconf 82' lang='lat' dir='ltr'>fatlionibus</span> <span class='ocrx_word' id='word_1_212' title='bbox 906 4204 942 4267; x_wconf 88' lang='lat' dir='ltr'>et</span> <span class='ocrx_word' id='word_1_213' title='bbox 969 4191 1219 4282; x_wconf 75' lang='lat' dir='ltr'>seditionibuS,</span> 
     </span>
     <span class='ocr_line' id='line_1_31' title="bbox 159 4303 1218 4409; baseline -0.001 -26"><span class='ocrx_word' id='word_1_214' title='bbox 159 4328 266 4409; x_wconf 85' lang='lat' dir='ltr'>ruere</span> <span class='ocrx_word' id='word_1_215' title='bbox 284 4328 401 4407; x_wconf 88' lang='lat' dir='ltr'>remp.</span> <span class='ocrx_word' id='word_1_216' title='bbox 417 4304 465 4383; x_wconf 92' lang='lat' dir='ltr'>ad</span> <span class='ocrx_word' id='word_1_217' title='bbox 480 4319 679 4384; x_wconf 83' lang='lat' dir='ltr'>extremam</span> <span class='ocrx_word' id='word_1_218' title='bbox 696 4305 915 4409; x_wconf 84' lang='lat' dir='ltr'>perniciem,</span> <span class='ocrx_word' id='word_1_219' title='bbox 946 4303 1218 4407; x_wconf 75' lang='lat' dir='ltr'>praecidebant</span> 
     </span>
    </p>

    <p class='ocr_par' dir='ltr' id='par_1_4' title="bbox 1156 4416 1222 4496">
     <span class='ocr_line' id='line_1_32' title="bbox 1156 4416 1222 4496; baseline -0.015 0"><span class='ocrx_word' id='word_1_220' title='bbox 1156 4416 1222 4496; x_wconf 86' lang='lat' dir='ltr'>Sin</span> 
     </span>
    </p>
   </div>
   <div class='ocr_carea' id='block_1_3' title="bbox 0 0 1294 4996">
    <p class='ocr_par' dir='ltr' id='par_1_5' title="bbox 0 0 1294 4996">
     <span class='ocr_line' id='line_1_33' title="bbox 0 0 1294 4996; baseline 0 3"><span class='ocrx_word' id='word_1_221' title='bbox 0 0 1294 4996; x_wconf 95' lang='lat' dir='ltr'> </span> 
     </span>
    </p>
   </div>
  </div>
 </body>
</html>
