710 1331
244 259 534 293 Epimetrum.‘

114 211 149 242 s⁷⁶

121 301 149 337 In
157 316 191 335 hac
199 316 294 335 foederum
306 317 354 336 inter
366 316 460 336 Romanos
476 320 494 336 et
506 316 579 336 Poenos
594 317 650 337 facio-

120 350 162 364 rum
170 344 288 364 illustratione
295 350 361 369 operae
368 351 397 364 me
404 345 453 364 haud
462 346 556 371 poenitere
564 345 650 365 lubenter

120 373 218 398 profiteor3
233 379 288 398 quam
296 373 354 392 muln
362 374 411 393 euim
421 379 445 392 ex
453 373 491 399 ipso
504 371 578 393 foedere
588 374 648 393 elicim

120 407 131 420 a
138 407 167 421 me
176 405 194 420 et
202 400 282 426 expressa
288 401 338 424 sunt,
354 402 421 427 quihus
430 402 469 421 iura
474 402 563 421 maritima
571 406 589 421 et
597 408 648 421 com-

120 430 232 449 merciorum
240 433 286 449 artes
294 430 393 449 nostratum
403 433 474 449 tantum
484 436 523 449 non
531 433 620 449 mutuatas
628 434 647 449 et

119 458 140 477 in
150 461 202 477 vetus
211 463 277 477 aeuum
290 458 378 477 tradussas
390 458 424 477 ess'e
435 462 493 483 putes.
526 457 615 478 Videmus
626 459 647 478 Ιί-

120 486 196 505 herentem
204 486 295 510 navigandi
302 487 331 513 vsu
338 489 354 506 et
362 486 412 511 pfflo
421 487 566 512 circumscriptam,
578 488 647 506 marium

119 515 182 534 aditum
198 514 307 536 inmdiffum.
328 514 369 539 leget
384 518 463 534 mercatus
476 514 549 540 faciendi
565 515 646 541 scriptas,-

119 544 197 562 omnino
205 548 262 567 pauca
270 544 289 562 in
298 543 335 562 hoc
342 549 410 568 genere
417 543 467 566 sunt,
482 549 528 568 quae
536 549 574 562 non
583 544 602 562 in
610 544 646 564 istis

118 571 224 591 foederibus
238 575 339 591 occurrant.
377 571 412 591 Fac
424 571 529 591 Poenorum
540 572 614 591 annales
627 575 646 591 et

118 600 200 619 historias
209 599 231 618 ad
243 605 277 619 nos
289 599 389 625 perueniss‘e
401 600 490 625 integras,
506 600 573 625 quibus
584 601 645 619 omnis

119 634 184 647 eorum
193 628 287 653 nauigatio
297 632 315 647 et
325 632 425 648 mercatura
436 628 517 653 exposita
530 627 580 647 effet!
597 634 644 653 quae

117 657 137 675 in
146 656 182 675 illis
190 662 251 676 rerum
259 657 406 676 memorabilium
418 657 471 676 huius
479 657 550 682 generis
559 656 609 682 seges
617 657 646 676 fu-

118 688 158 704 tura
166 684 217 707 effet,
231 691 274 705 cum
285 691 308 704 ex
316 686 378 710 paucis
390 685 459 710 stipulis
472 688 521 704 tanta
532 685 589 704 meffis
599 685 644 705 sada

118 713 151 732 fit?
159 713 224 737 Quid?
231 713 282 738 quod
290 713 338 733 haud
347 719 404 739 pauca
411 714 451 735 alia,
460 720 498 733 non
507 717 611 736 memorata,
620 720 644 733 cx

117 742 150 764 iis,
158 747 206 766 quae
216 746 351 764 memorantur,
360 742 373 761 ss
381 742 492 766 sagacitatem
501 741 591 764 adhibeas,
602 742 644 761 elici

117 769 196 795 poffunt.
226 769 350 795 Negotiorum
357 770 444 794 gestores,
459 776 505 795 quos
516 768 603 789 Consules
612 776 645 790 vo-

116 804 189 820 camus,
203 798 221 817 in
231 799 317 823 emporiis
324 799 441 821 constitutos,
454 799 551 817 memorari
558 804 596 817 non
605 805 644 818 rne-

88 842 91 847 ,
116 827 171 845 mini:
188 832 231 846 cum
240 831 300 846 tamen
310 830 338 846 tot
347 827 428 852 emporia
441 826 546 847 Poenorum
557 832 575 846 et
588 826 645 846 Grae-

117 860 181 874 corum
198 855 217 874 in
233 856 285 874 terris
304 855 421 874 barbarorum
437 858 571 877 memorentur,
593 861 644 880 prae-

116 882 168 902 fuisse
182 883 210 902 liis
223 883 291 903 necess'e
306 884 331 903 est
347 889 386 902 non
400 884 453 903 vnius
467 884 536 903 ordinis
552 883 641 903 homines.

117 911 190 936 Negare
201 915 260 930 tamen
273 918 297 930 ne
306 912 329 931 fic
337 912 413 937 quidem
425 911 489 934 ausim,
507 911 565 931 multa
578 911 642 931 nostris

117 940 230 964 temporibus
238 939 260 959 ad
268 940 337 959 nostras
347 940 457 959 necestitates
467 940 541 961 melius,
559 939 642 959 subtilius

117 972 136 988 et
142 968 234 991 curiosius,
242 967 276 987 effe
285 969 380 988 constituta
389 973 407 987 et
417 968 554 993 circumscripta.
584 967 611 987 lta
619 968 642 988 de

116 996 217 1016 vendendis
224 997 314 1016 mercibus
322 997 412 1022 praeclare
421 997 498 1022 prospici
507 997 567 1021 coepit
574 997 644 1016 nostro-

116 1030 159 1044 rum
168 1028 273 1050 temporum
283 1025 397 1047 foederibus,
413 1029 433 1044 vt
444 1026 464 1044 in
475 1025 593 1044 Vltraieffino
604 1025 644 1044 foe-

117 1053 159 1072 dere
171 1059 186 1072 a.
200 1059 256 1077 ¹7¹³-
275 1057 307 1072 art.
321 1053 365 1073 X11.
377 1055 425 1073 inter
435 1053 500 1073 Gallus
513 1057 531 1073 et
545 1052 642 1073 Britannos

116 1080 223 1106 (Lamberti
234 1081 313 1101 T.V111.
324 1088 342 1107 p.
354 1083 399 1107 84).

594 1165 646 1186 Inter
