2534 4860
150 580 229 656 3²⁰
541 562 824 628 ..Ἀ-...Ξ

121 751 348 856 'principem
379 747 487 827 laude
517 760 555 824 et
582 748 715 823 merito
732 738 904 821 accessiffe
927 744 1047 823 videri
1076 747 1216 829 debeat

141 867 281 946 Scheda
314 877 436 966 aperta
469 860 623 939 victricis
653 855 987 936 Commentationia
1011 863 1142 941 aanor
1166 868 1219 941 in.

140 984 287 1059 notuit:
792 979 794 983 ’

249 1093 485 1171 Faroaarcvs
509 1085 831 1174 Bounarawecar,
871 1081 1114 1189 Goslarienfise
1205 1144 1210 1160 ,

139 1208 343 1286 secundum
371 1205 495 1281 locum
520 1202 684 1279 obtinuit
704 1198 823 1286 idem,
851 1200 918 1298 qui
935 1201 1009 1276 iam
1029 1200 1218 1302 superiore

141 1345 241 1399 anno
265 1323 433 1420 proxime
452 1342 473 1393 a
490 1314 623 1391 victore
642 1308 791 1388 abfuisse
811 1310 905 1388 viius
924 1326 1019 1405 erat,
1058 1340 1218 1415 Jorcffl.

144 1459 221 1515 uva
246 1434 560 1518 Scrawnazrtore,
598 1427 876 1505 Hannoucrarrur.

250 1653 283 1733 A
309 1652 514 1732 Medicorum
537 1649 660 1730 Ordine
683 1651 815 1730 indicta
833 1603 909 1731 erat
926 1654 1113 1755 quaestiot

42 1867 47 1878 ,
144 1789 191 1872 Iu
212 1791 450 1870 irritabilitate
473 1790 639 1882 animali,
680 1817 700 1870 a
724 1816 796 1893 qua
825 1793 890 1872 mii
913 1799 1055 1885 omnis,
1093 1797 1218 1874 saltem
1252 1879 1253 1891 ξ

202 1911 362 1984 maxima
393 1906 494 1997 sane,
545 1930 628 2007 pars
655 1909 824 2006 principii
848 1911 885 1983 in
913 1931 1073 2010 corpore
1093 1913 1217 1989 nostro

203 2020 336 2100 attonsa
362 2021 519 2121 pendet,
562 2022 768 2097 contraria
792 2019 983 2120 superfint,
1017 2046 1114 2123 quae
1140 2025 1217 2125 ple·

201 2136 348 2213 niorem
374 2136 529 2235 poscunt
550 2133 778 2211 eruditorum
806 2134 1092 2233 expolitionem:
1130 2138 1218 2214 defi·

204 2246 328 2325 derata
357 2248 406 2324 est
423 2247 554 2338 tolida,
594 2246 910 2324 obseruationibus
928 2262 964 2324 et
983 2255 1215 2347 experimen·

202 2363 250 2455 tis
276 2360 526 2461 superamur,
567 2358 750 2458 responfio
775 2360 820 2437 ad
846 2363 957 2436 varias
982 2365 1213 2461 quaestiones

202 2473 480 2550 irritabilitatem
506 2473 699 2549 animalem
727 2473 941 2572 spectantes:
1006 2500 1036 2549 1.
1060 2480 1101 2552 in
1128 2501 1216 2577 qua·

144 2623 145 2629 ¹
203 2609 290 2663 nana
321 2586 588 2664 elementorum
620 2589 786 2685 corporis
820 2587 985 2664 animalis
1010 2605 1114 2686 parte
1130 2591 1214 2667 hae·

202 2710 260 2775 ret
290 2702 343 2775 vis
372 2697 578 2775 irritabilis?
638 2724 672 2773 2.
697 2702 762 2798 qui
783 2699 865 2776 sunt
886 2703 962 2777 veri
983 2691 1213 2802 certique'fi·

202 2834 270 2889 nes
291 2814 387 2889 inter
419 2813 546 2889 Torum
568 2810 696 2889 Stahlii
714 2826 750 2889 et
777 2811 1030 2891 irritabili'tntem
1046 2813 1211 2893 Hellerii

141 2962 145 2971 ·
207 2948 241 3020 3.
273 2927 407 3025 quibus
432 2924 684 3014 adminiculis,
718 2925 792 3003 fiue
819 2927 1025 3017 aetimare,
1068 2939 1154 3007 aere
1179 2943 1212 3009 et

203 3040 299 3115 vitae
324 3063 459 3139 genere
486 3037 748 3139 pendentibus,
791 3038 865 3117 stuc
884 3058 908 3116 'a
933 3042 1019 3118 cibo
1043 3055 1211 3144 potuque
1257 3084 1258 3088 ¹

140 3206 147 3216 -
202 3151 278 3230 fiae
305 3177 325 3229 a
349 3154 618 3231 medicamento
642 3151 833 3243 desumus,
873 3150 967 3232 effici
986 3156 1125 3253 potest,
1164 3170 1210 3245 vt,

200 3264 227 3340 fi
254 3265 398 3366 torpida
422 3267 573 3364 languet
590 3263 649 3342 vel
665 3265 773 3365 plane
793 3265 934 3357 deficit,
970 3270 1153 3346 excitetur
1178 3283 1212 3347 et

202 3377 402 3476 augeatur?
439 3379 497 3456 vel
521 3379 547 3456 sa
567 3379 675 3454 nimis
695 3375 823 3455 efficax
837 3378 897 3469 Iit,
932 3393 1159 3480 temperetur
1177 3397 1213 3460 et

202 3491 435 3568 coerceatur?
492 3517 529 3590 4.
556 3490 664 3590 quale
687 3493 848 3569 inuicem
864 3493 1086 3571 obseruator
1110 3519 1212 3574 cona·

142 3646 143 3649 ¹
201 3605 380 3681 mercium
413 3605 689 3682 irritabilitatem
725 3607 820 3682 inter
850 3620 889 3683 et
923 3631 1123 3686 neruorum
1157 3609 1212 3709 sy·

201 3715 331 3806 stema,
382 3719 421 3795 in
449 3718 610 3796 nourina
634 3717 827 3795 affetiuum
861 3722 991 3810 animi,
1029 3736 1212 3823 tempera·

200 3842 433 3920 mentorum,
479 3845 515 3908 et
547 3834 585 3908 in
616 3854 749 3929 genere
775 3834 945 3933 principii
969 3834 1100 3912 atiuofi
1128 3860 1210 3914 cor·

199 3942 302 4041 poris
323 3941 511 4035 animalis,
548 3942 626 4021 vllo
647 3967 732 4021 cuna
751 3942 868 4024 frutiu
885 3946 1161 4027 adhibendum?

256 4134 335 4229 Qui
358 4140 429 4215 iam
452 4137 498 4213 ab
512 4139 618 4218 initio
636 4153 776 4218 mentes
791 4139 976 4220 incesserat
992 4158 1132 4237 metue,
1159 4171 1208 4226 ne

141 4250 360 4353 quaestionis
386 4250 562 4332 subtilitas
588 4271 625 4332 et
649 4250 862 4349 difficultas,
905 4257 1054 4361 ipseque
1083 4283 1209 4343 rerum

980 4468 985 4479 .
1039 4396 1208 4479 umere·
1266 4450 1267 4463 a
