2496 4936
465 625 750 682 -.-.-=.·
1086 642 1142 719 27

44 809 187 886 barbaris
205 822 320 887 cum
338 806 505 885 fortuna
520 805 677 895 obtulit,
707 808 954 893 tum'Gr'ae'cis
968 814 1063 894 illud
1079 819 1144 895 tri.

47 924 121 1009 buit,
156 937 228 1009 vt,
278 946 385 1000 cum
409 921 606 998 meliorem
623 923 832 1001 animorum
850 928 990 1005 cultum
1007 955 1074 1031 per
1089 955 1144 1008 ar:

49 1053 87 1114 tes
105 1051 142 1114 et
165 1035 389 1113 doetrinae
405 1035 625 1123 induerent,
650 1059 729 1111 non
744 1036 1062 1142 hieroglyphieam
1081 1058 1144 1122 aut

52 1153 139 1229 diam
173 1154 328 1230 minus
366 1148 606 1228 commodam
639 1149 882 1231 litteraturam
916 1160 1141 1257 acciperent3

55 1290 114 1366 qna
129 1291 211 1343 vna
230 1269 399 1342 ratione
420 1279 458 1339 et
472 1258 589 1339 mursa
607 1277 645 1338 vt
659 1261 930 1365 Aegyptiorum
950 1272 997 1346 ita
1014 1270 1145 1348 sinen-

59 1380 137 1458 lum
159 1381 375 1480 prorettus
400 1378 606 1469 tolluntur;
643 1389 759 1476 utque
781 1381 896 1458 iidem
922 1407 1000 1461 non
1029 1382 1145 1462 alium

60 1495 187 1596 populi
230 1495 404 1570 alicuius
441 1491 627 1590 peregrini
647 1489 865 1571 vsermonem
895 1496 1142 1586 adsciscerent,

64 1632 131 1709 quo
152 1609 203 1685 ad
224 1608 476 1706 peregrinum
494 1603 662 1680 habitum
678 1629 817 1696 mores,
845 1611 1012 1708 ingenia,
1046 1609 1146 1686 litte-

65 1747 134 1813 rar,
170 1721 350 1808 deflecti,
386 1718 552 1795 indolem
575 1720 762 1817 propriam
776 1744 819 1799 ac
834 1725 1008 1800 virtutem
1023 1726 1146 1800 extin-

67 1842 123 1936 gui
151 1832 307 1914 necesse
324 1833 395 1921 est,
421 1832 482 1909 sed
497 1846 537 1908 vt
553 1829 618 1907 fibi
641 1831 825 1931 saperent,
851 1836 988 1936 suaque
1010 1839 1145 1913 retine·

68 1966 155 2026 rent.
230 1947 306 2026 His
330 1947 506 2023 omnibus
532 1943 700 2021 effeetum
722 1947 797 2036 est,
834 1963 875 2023 vt
904 1950 1053 2036 Graeci,
1095 1952 1142 2029 ab

69 2065 198 2141 iisdem
223 2063 343 2138 initiis
357 2058 528 2160 profesti,
559 2058 760 2159 priscorum
776 2062 1026 2141 institutorum
1041 2065 1146 2140 vesti·

71 2182 133 2277 giis
149 2180 301 2276 vbique
318 2174 484 2261 seruatis,
514 2173 631 2249 multa
644 2187 787 2263 tamen,
818 2179 925 2252 etiam
940 2180 980 2254 in
996 2176 1145 2275 religio-

72 2295 201 2380 nibus,
238 2288 363 2366 multo
387 2288 540 2376 melius,
586 2308 698 2385 quam
728 2289 790 2365 alii
818 2290 972 2390 populi,
1012 2290 1145 2368 consti.

73 2421 146 2483 tuta
162 2405 371 2495 haberent3
395 2401 519 2477 saltem
535 2414 575 2478 vt
589 2402 772 2478 barbaries
789 2426 831 2479 ac
851 2405 1008 2482 foeditas
1039 2428 1059 2480 a
1074 2428 1145 2504 pu·

73 2520 175 2597 blicis
203 2518 315 2596 sacris
330 2512 482 2603 abesset,
519 2537 612 2613 quae
636 2514 715 2591 aliis
739 2519 933 2614 gentibus,
977 2520 1145 2618 inprimis

74 2658 115 2711 ex
144 2631 275 2733 prisco
303 2628 485 2718 Naturae,
524 2632 628 2706 cuius
652 2631 708 2704 vis
729 2635 955 2729 procreatrix
970 2657 1036 2735 per
1051 2632 1146 2732 sym·

74 2748 157 2826 bola
178 2772 201 2823 a
227 2746 469 2844 generatione
496 2747 610 2842 petita
634 2742 810 2821 declarari
835 2745 992 2836 solebat,
1026 2746 1143 2836 cultu,

74 2861 299 2938 adhaeserat
355 2853 455 2934 Cum
475 2871 597 2933 autem
620 2856 709 2934 deos
725 2857 884 2935 humana
902 2857 1021 2937 forma
1037 2862 1146 2936 indu·

74 2988 127 3054 tos
152 2973 200 3070 e)
228 2968 447 3071 accepissent
463 2984 612 3070 poetae:
638 2993 751 3069 quam
772 2974 1092 3051 accommodatum
1107 2971 1147 3051 id

72 3090 234 3192 poeticis
253 3086 458 3161 rationibus
475 3081 572 3173 esset,
600 3084 705 3161 facile
719 3086 933 3173 intellexere
944 3113 957 3182 ;
975 3091 1147 3188 etprimo

73 3204 233 3304 quidem
249 3202 359 3276 etiam
372 3223 442 3286 res,
472 3220 567 3297 quae
582 3199 620 3272 in
635 3214 763 3273 natura
779 3214 1006 3299 apparerent,
1025 3223 1147 3278 rerum

72 3316 283 3402 elementa,
312 3326 463 3389 naturae
483 3325 604 3410 partes
620 3312 678 3386 vel
701 3315 793 3389 vires
812 3313 870 3388 vel
893 3313 1037 3401 efferta,
1067 3329 1149 3394 tum

75 3434 258 3508 notiones
280 3440 343 3503 aut
367 3425 551 3525 symbola,
593 3427 728 3525 quibus
753 3432 926 3504 notiones
939 3432 1148 3505 animorum

76 3544 300 3629 redderent,
336 3541 377 3615 in
404 3537 557 3615 similem
575 3544 741 3615 naturam
767 3542 922 3618 deorum
939 3556 1147 3635 mutauere;

76 3671 161 3735 mm
187 3678 279 3731 vero
303 3668 500 3752 utrumque
525 3652 678 3731 deorum
701 3677 820 3752 genus
844 3657 1149 3754 epicisnarratio-

78 3773 195 3847 nibus
239 3767 459 3854 adhibuere,
513 3771 660 3866 quoties
702 3767 843 3866 aliquid
881 3769 1149 3869 perficiendum

78 3883 190 3971 esset,
241 3880 342 3982 quod
378 3883 556 3957 maiorem
592 3904 634 3955 ac
665 3885 915 3980 potentiorem
949 3882 1146 3971 audorem,

79 4020 197 4099 quam
220 3997 410 4071 hominem
432 4010 495 4070 aut
516 3993 687 4081 heroem,
723 3994 947 4072 desideraret
1015 3993 1149 4072 Elabo-

79 4128 158 4189 rata
184 4109 275 4186 hinc
299 4108 349 4185 est
380 4124 482 4185 vetus
512 4108 576 4184 illa
594 4108 790 4185 hominum
805 4111 955 4187 rudium
975 4122 1012 4184 et
1034 4112 1150 4206 impe-

992 4225 1149 4299 ritorum

140 4384 182 4467 t)
204 4376 440 4460 dvbporaomtc
458 4399 485 4436 v.
501 4378 652 4442 Herodot.
674 4380 701 4447 l.
727 4399 796 4457 131.
823 4376 959 4446 Foursrer
978 4376 1019 4446 V.
1042 4376 1092 4443 ct
1115 4377 1150 4439 in

190 4463 278 4551 Hist.
293 4461 332 4528 dt
345 4457 455 4528 rAcaa
469 4460 502 4527 rs.
518 4460 549 4526 I.
564 4461 659 4530 Tun.
673 4464 806 4535 XXXV.
822 4485 854 4549 p·
871 4479 922 4542 15.
938 4463 983 4546 sq.
