710 1331
82 274 148 300 speffls
157 274 250 294 timendos
258 273 292 293 fibi
300 277 327 296 et,
342 277 363 293 vt
371 272 439 296 caussa,
451 274 476 293 ita
484 274 559 297 viribus
568 274 621 300 supe-

83 304 142 322 riores
156 303 216 322 hostes
228 302 353 322 reddiderunt.
383 301 454 321 Verum
462 303 620 327 progrediendum

84 332 110 351 est
125 331 147 350 ad
162 330 241 356 singula,
256 336 304 356 quae
315 329 381 350 eauffas
389 334 408 350 et
418 334 481 350 ortum
490 331 535 351 belli
543 331 619 352 Socialis

84 361 181 379 continere
189 360 246 379 videri
255 359 330 379 debent.
539 360 542 362 ⁷

141 401 215 421 Semina
228 400 304 426 quidem
319 401 358 419 eius
371 401 429 425 prii-na
440 401 476 420 iam
493 402 516 421 ab
529 401 563 421 illo
574 406 621 422 tem-

85 435 142 455 pore,
162 435 200 454 quo
212 429 292 449 Romani
299 429 398 454 imperium
407 430 427 448 in
435 429 499 449 Socios
507 429 619 453 affectarunt,

85 458 142 484 sparsa
156 458 233 477 statuere
247 457 295 476 licet-
331 456 378 476 Aiba
390 456 465 483 Longa.
480 464 490 477 e
500 464 536 484 qua
544 459 620 484 triginta

86 486 172 506 coloniae
179 489 231 505 erant
241 485 327 505 deduQae
333 500 337 506 ,
351 492 361 505 a
370 485 458 506 Romanis
467 491 518 512 capta
526 490 545 506 et
552 487 619 510 dirum,

86 515 119 540 ipfi
129 516 149 534 in
157 514 282 540 metropoleos
290 514 364 536 locum,
378 520 387 533 a
396 520 431 539 qua
439 518 457 534 et
466 515 497 540 ipfi
505 515 618 540 prodierant,

85 543 182 563 succedere
199 547 218 562 et
232 543 324 568 principes
337 541 399 561 Latini
412 544 493 562 nominis
504 544 567 563 haberi
578 543 620 563 vol-

87 577 137 591 uere.
167 571 188 591 ld
197 577 206 590 a
215 571 279 590 Seruio
286 570 351 590 Tullio
361 574 460 593 tentatum,
472 578 517 591 mox
523 578 533 591 a
541 571 620 597 Tarqui-

86 601 120 619 nio
130 599 153 619 11.
166 599 304 625 perfessumu).
336 598 396 618 Prima
408 600 487 619 foederis
499 600 540 622 lex,
560 604 580 619 vt
588 606 620 619 co-

87 629 128 654 piae
140 635 151 647 a
162 628 229 650 Sociis,
249 628 322 653 quoties
335 627 414 647 Romani
429 628 541 650 indicerent,
560 629 621 648 mitte-

87 661 159 676 rentur:
173 657 236 682 quain
245 662 264 675 re
273 657 331 681 prima
340 657 432 681 potentiae
439 656 566 676 Romanorum
574 658 618 682 reip.

87 686 140 705 initia
152 689 170 704 et
182 685 300 704 fundamenta
310 685 406 710 scriptores
415 685 512 710 agnoscere
522 686 619 705 debebant.

87 713 143 733 Varie
157 713 222 733 foedus
235 713 271 733 hoc
282 713 339 732 modu
348 717 423 738 ruptum
435 714 492 733 modo
500 718 621 738 renouatum;

88 742 146 767 inque
158 742 227 761 diuersa
237 741 329 761 bellorum
338 741 412 761 fortuna
421 742 461 761 aliis
469 742 514 761 aliae
524 742 574 767 leges
582 742 622 763 foe-

89 770 137 790 deris
153 771 227 795 scriptae
243 770 293 794 sunt3
313 770 395 789 vniucrse
410 774 471 790 tamen
487 771 529 790 hae:
548 775 568 790 vt
579 771 622 790 suos

89 805 153 824 agros,
170 799 209 818 suas
220 798 281 823 leges,
294 798 335 817 suus
342 799 456 823 magistratus
464 799 528 818 ciuicas
538 805 623 824 quaeque

89 827 173 849 haberet,
188 831 208 846 vt
219 830 280 846 tamen
289 827 396 846 maiestatem
406 827 472 852 populi
482 827 504 847 R.
517 833 623 846 reuereren-

89 859 130 878 tur,
150 855 220 875 bellum
235 855 267 880 ipsi
283 861 306 874 ne
320 859 405 880 gererent
417 861 453 875 nec
464 855 539 881 publice
550 855 622 880 legatos

89 885 193 907 mitterent;
210 887 229 902 at
241 883 329 903 Romanis
343 883 413 903 bellum
420 884 527 909 gerentibus
536 884 604 903 auxilia
612 890 623 904 e

90 913 171 932 formula
182 912 261 932 foederis
274 913 377 934 mitterent,
391 913 486 937 copiarum
496 918 573 932 numero
583 913 623 932 aliis

89 941 194 961 ciuitatibus
204 940 255 959 aliter
263 940 372 964 constituto;
387 944 407 960 vt
414 941 437 960 ad
445 941 490 960 haec
499 944 548 960 certa
557 941 624 966 stipen-

90 969 121 989 dia
135 973 153 989 et
166 969 233 989 tributa
245 969 381 994 persoluerent;
398 975 435 989 vno
445 970 513 992 verbo,
529 969 580 995 quod
589 975 624 989 nos

90 998 171 1017 solemus
184 998 254 1017 dicere:
274 997 357 1016 relissum
368 997 404 1017 illis
413 1003 456 1018 cum
465 998 504 1017 iure
513 999 586 1023 priuato
594 999 624 1018 ius

90 1026 188 1052 publicum
201 1027 305 1048 internum,
328 1026 421 1045 ademtam
433 1032 476 1046 cum
486 1027 526 1046 iure
537 1026 623 1051 supremo

92 1059 195 1074 externum.
224 1053 272 1073 Cum
283 1055 340 1079 igitur
349 1054 389 1073 suae
401 1055 480 1080 quisque
492 1055 570 1074 ciuitatis
578 1054 625 1080 legi-

91 1083 138 1106 bus,
153 1083 223 1102 iuribus
230 1088 250 1102 ac
258 1083 341 1102 moribus
351 1083 429 1102 viueret:
444 1084 523 1102 ciuitatis
531 1083 626 1103 Romanae

93 1112 164 1131 iuribus
175 1111 244 1131 exclusi
255 1114 308 1130 erant
319 1117 394 1133 omnes,
412 1111 496 1137 nihilque
506 1111 553 1131 adeo
562 1111 626 1131 conse-

375 1139 393 1159 K
408 1147 419 1158 2
592 1139 626 1165 qui

125 1186 148 1207 ι)
157 1185 191 1204 Liv·
199 1185 215 1205 1,
225 1189 299 1206 ⁵0-S2·
305 1184 372 1207 Dionys.
378 1184 406 1204 IV.
413 1189 433 1206 ⁴⁵
440 1185 463 1207 sq.

581 230 631 259 ¹4⁷2
656 249 659 251 .
