<?xml version="1.0" encoding="UTF-8"?>
<!DOCTYPE html PUBLIC "-//W3C//DTD XHTML 1.0 Transitional//EN"
    "http://www.w3.org/TR/xhtml1/DTD/xhtml1-transitional.dtd">
<html xmlns="http://www.w3.org/1999/xhtml" xml:lang="en" lang="en">
 <head>
  <title>
</title>
<meta http-equiv="Content-Type" content="text/html;charset=utf-8" />
  <meta name='ocr-system' content='tesseract 3.04.00' />
  <meta name='ocr-capabilities' content='ocr_page ocr_carea ocr_par ocr_line ocrx_word'/>
</head>
<body>
  <div class='ocr_page' id='page_1' title='image "./chrgheyniiprofe00heyngoog_0208.png"; bbox 0 0 2586 5078; ppageno 0'>
   <div class='ocr_carea' id='block_1_1' title="bbox 469 80 1134 199">
    <p class='ocr_par' dir='ltr' id='par_1_1' title="bbox 469 80 1134 199">
     <span class='ocr_line' id='line_1_1' title="bbox 469 80 1134 199; baseline 0.005 -37"><span class='ocrx_word' id='word_1_1' title='bbox 469 80 752 164; x_wconf 63' lang='grc' dir='ltr'>ΕΞΞΞΡ·</span> <span class='ocrx_word' id='word_1_2' title='bbox 1059 120 1134 199; x_wconf 74' lang='lat'><strong>193</strong></span> 
     </span>
    </p>
   </div>
   <div class='ocr_carea' id='block_1_2' title="bbox 63 290 1136 600">
    <p class='ocr_par' dir='ltr' id='par_1_2' title="bbox 63 290 1136 600">
     <span class='ocr_line' id='line_1_2' title="bbox 63 290 1136 393; baseline 0.007 -23"><span class='ocrx_word' id='word_1_3' title='bbox 63 293 222 391; x_wconf 64' lang='lat' dir='ltr'><strong>magna.</strong></span> <span class='ocrx_word' id='word_1_4' title='bbox 259 294 297 369; x_wconf 89' lang='lat' dir='ltr'><strong>in</strong></span> <span class='ocrx_word' id='word_1_5' title='bbox 313 291 495 370; x_wconf 81' lang='lat' dir='ltr'><strong>inferiore</strong></span> <span class='ocrx_word' id='word_1_6' title='bbox 520 290 642 382; x_wconf 85' lang='lat' dir='ltr'><strong>Italia,</strong></span> <span class='ocrx_word' id='word_1_7' title='bbox 682 293 861 393; x_wconf 82' lang='lat' dir='ltr'><strong>intelligi,</strong></span> <span class='ocrx_word' id='word_1_8' title='bbox 895 294 944 372; x_wconf 80' lang='lat' dir='ltr'><strong>in&#39;</strong></span> <span class='ocrx_word' id='word_1_9' title='bbox 960 301 1061 376; x_wconf 89' lang='lat' dir='ltr'><strong>euius</strong></span> <span class='ocrx_word' id='word_1_10' title='bbox 1083 303 1136 378; x_wconf 87' lang='lat' dir='ltr'><strong>ci-</strong></span> 
     </span>
     <span class='ocr_line' id='line_1_3' title="bbox 65 404 1132 506; baseline 0.009 -24"><span class='ocrx_word' id='word_1_11' title='bbox 65 409 242 483; x_wconf 71' lang='lat' dir='ltr'><strong>vitatibus</strong></span> <span class='ocrx_word' id='word_1_12' title='bbox 267 407 368 484; x_wconf 90' lang='lat' dir='ltr'><strong>hunc</strong></span> <span class='ocrx_word' id='word_1_13' title='bbox 401 431 543 484; x_wconf 85' lang='lat' dir='ltr'><strong>tuorem</strong></span> <span class='ocrx_word' id='word_1_14' title='bbox 576 404 744 506; x_wconf 80' lang='lat' dir='ltr'><strong>viguiffe,</strong></span> <span class='ocrx_word' id='word_1_15' title='bbox 805 431 852 484; x_wconf 85' lang='lat' dir='ltr'><strong>ex</strong></span> <span class='ocrx_word' id='word_1_16' title='bbox 891 411 1022 488; x_wconf 90' lang='lat' dir='ltr'><strong>eodem</strong></span> <span class='ocrx_word' id='word_1_17' title='bbox 1058 413 1132 492; x_wconf 89' lang='lat' dir='ltr'><strong>hoc</strong></span> 
     </span>
     <span class='ocr_line' id='line_1_4' title="bbox 68 519 549 600; baseline 0.008 -4"><span class='ocrx_word' id='word_1_18' title='bbox 68 520 154 597; x_wconf 87' lang='lat' dir='ltr'><strong>loco</strong></span> <span class='ocrx_word' id='word_1_19' title='bbox 173 520 312 598; x_wconf 83' lang='lat' dir='ltr'><strong>discere</strong></span> <span class='ocrx_word' id='word_1_20' title='bbox 332 520 427 599; x_wconf 84' lang='lat' dir='ltr'><strong>forte</strong></span> <span class='ocrx_word' id='word_1_21' title='bbox 450 519 549 600; x_wconf 87' lang='lat' dir='ltr'><strong>licet.</strong></span> 
     </span>
    </p>
   </div>
   <div class='ocr_carea' id='block_1_3' title="bbox 179 733 1141 836">
    <p class='ocr_par' dir='ltr' id='par_1_3' title="bbox 179 733 1141 836">
     <span class='ocr_line' id='line_1_5' title="bbox 179 733 1141 836; baseline 0.008 -22"><span class='ocrx_word' id='word_1_22' title='bbox 179 733 378 815; x_wconf 80' lang='lat' dir='ltr'>Meliorem</span> <span class='ocrx_word' id='word_1_23' title='bbox 418 751 540 814; x_wconf 90' lang='lat' dir='ltr'><strong>tamen</strong></span> <span class='ocrx_word' id='word_1_24' title='bbox 574 735 850 816; x_wconf 86' lang='lat' dir='ltr'><strong>illustrationem</strong></span> <span class='ocrx_word' id='word_1_25' title='bbox 883 738 1010 818; x_wconf 87' lang='lat' dir='ltr'><strong>afferre</strong></span> <span class='ocrx_word' id='word_1_26' title='bbox 1042 741 1141 836; x_wconf 30' lang='lat' dir='ltr'><strong>huic.¹</strong></span> 
     </span>
    </p>
   </div>
   <div class='ocr_carea' id='block_1_4' title="bbox 0 848 1148 4009">
    <p class='ocr_par' dir='ltr' id='par_1_4' title="bbox 0 848 1148 4009">
     <span class='ocr_line' id='line_1_6' title="bbox 69 848 1128 952; baseline 0.009 -29"><span class='ocrx_word' id='word_1_27' title='bbox 69 849 119 924; x_wconf 89' lang='lat' dir='ltr'><strong>rei</strong></span> <span class='ocrx_word' id='word_1_28' title='bbox 142 848 348 948; x_wconf 77' lang='lat' dir='ltr'><strong>ponamus,</strong></span> <span class='ocrx_word' id='word_1_29' title='bbox 383 850 408 928; x_wconf 81' lang='lat' dir='ltr'><strong>ss</strong></span> <span class='ocrx_word' id='word_1_30' title='bbox 436 854 597 928; x_wconf 89' lang='lat' dir='ltr'><strong>animum</strong></span> <span class='ocrx_word' id='word_1_31' title='bbox 614 873 660 925; x_wconf 89' lang='lat' dir='ltr'><strong>eo</strong></span> <span class='ocrx_word' id='word_1_32' title='bbox 677 853 917 942; x_wconf 87' lang='lat' dir='ltr'><strong>attendimus,</strong></span> <span class='ocrx_word' id='word_1_33' title='bbox 948 856 1050 952; x_wconf 93' lang='lat' dir='ltr'><strong>quod</strong></span> <span class='ocrx_word' id='word_1_34' title='bbox 1064 858 1128 934; x_wconf 91' lang='lat' dir='ltr'><strong>ille</strong></span> 
     </span>
     <span class='ocr_line' id='line_1_7' title="bbox 69 963 1128 1069; baseline 0 -34"><span class='ocrx_word' id='word_1_35' title='bbox 69 964 182 1059; x_wconf 78' lang='lat' dir='ltr'><strong>uirgis</strong></span> <span class='ocrx_word' id='word_1_36' title='bbox 204 965 380 1042; x_wconf 86' lang='lat' dir='ltr'><strong>caedendi</strong></span> <span class='ocrx_word' id='word_1_37' title='bbox 405 978 443 1041; x_wconf 92' lang='lat' dir='ltr'><strong>et</strong></span> <span class='ocrx_word' id='word_1_38' title='bbox 465 963 580 1040; x_wconf 88' lang='lat' dir='ltr'><strong>securi</strong></span> <span class='ocrx_word' id='word_1_39' title='bbox 601 965 829 1064; x_wconf 88' lang='lat' dir='ltr'><strong>percutiendi</strong></span> <span class='ocrx_word' id='word_1_40' title='bbox 854 989 935 1042; x_wconf 88' lang='lat' dir='ltr'><strong>uros</strong></span> <span class='ocrx_word' id='word_1_41' title='bbox 958 992 1035 1044; x_wconf 82' lang='lat' dir='ltr'><strong>tion</strong></span> <span class='ocrx_word' id='word_1_42' title='bbox 1054 973 1128 1069; x_wconf 86' lang='lat' dir='ltr'><strong>pri.</strong></span> 
     </span>
     <span class='ocr_line' id='line_1_8' title="bbox 69 1076 1128 1177; baseline 0.009 -28"><span class='ocrx_word' id='word_1_43' title='bbox 69 1076 220 1152; x_wconf 83' lang='lat' dir='ltr'><strong>mitiuus</strong></span> <span class='ocrx_word' id='word_1_44' title='bbox 242 1076 450 1164; x_wconf 87' lang='lat' dir='ltr'><strong>habendus,</strong></span> <span class='ocrx_word' id='word_1_45' title='bbox 489 1076 547 1152; x_wconf 91' lang='lat' dir='ltr'><strong>sed</strong></span> <span class='ocrx_word' id='word_1_46' title='bbox 574 1080 645 1154; x_wconf 88' lang='lat' dir='ltr'><strong>iam</strong></span> <span class='ocrx_word' id='word_1_47' title='bbox 671 1077 877 1177; x_wconf 81' lang='lat' dir='ltr'><strong>paullulum</strong></span> <span class='ocrx_word' id='word_1_48' title='bbox 905 1079 1067 1158; x_wconf 86' lang='lat' dir='ltr'><strong>deflexus</strong></span> <span class='ocrx_word' id='word_1_49' title='bbox 1090 1095 1128 1160; x_wconf 87' lang='lat' dir='ltr'><strong>et</strong></span> 
     </span>
     <span class='ocr_line' id='line_1_9' title="bbox 68 1188 1124 1288; baseline 0.009 -26"><span class='ocrx_word' id='word_1_50' title='bbox 68 1188 300 1283; x_wconf 63' lang='lat' dir='ltr'><strong>immutatum</strong></span> <span class='ocrx_word' id='word_1_51' title='bbox 327 1190 398 1268; x_wconf 85' lang='lat' dir='ltr'><strong>fuit</strong></span> <span class='ocrx_word' id='word_1_52' title='bbox 418 1192 517 1268; x_wconf 89' lang='lat' dir='ltr'><strong>enim</strong></span> <span class='ocrx_word' id='word_1_53' title='bbox 541 1192 726 1288; x_wconf 85' lang='lat' dir='ltr'><strong>antiquior</strong></span> <span class='ocrx_word' id='word_1_54' title='bbox 739 1190 802 1266; x_wconf 89' lang='lat' dir='ltr'><strong>ille</strong></span> <span class='ocrx_word' id='word_1_55' title='bbox 818 1191 937 1268; x_wconf 92' lang='lat' dir='ltr'><strong>multo</strong></span> <span class='ocrx_word' id='word_1_56' title='bbox 955 1194 1124 1287; x_wconf 90' lang='lat' dir='ltr'><strong>seuerior,</strong></span> 
     </span>
     <span class='ocr_line' id='line_1_10' title="bbox 69 1302 1125 1400; baseline 0.009 -25"><span class='ocrx_word' id='word_1_57' title='bbox 69 1305 249 1400; x_wconf 68' lang='lat' dir='ltr'><strong>stringis</strong></span> <span class='ocrx_word' id='word_1_58' title='bbox 282 1302 326 1379; x_wconf 88' lang='lat' dir='ltr'><strong>ad</strong></span> <span class='ocrx_word' id='word_1_59' title='bbox 358 1323 513 1380; x_wconf 89' lang='lat' dir='ltr'><strong>mortem</strong></span> <span class='ocrx_word' id='word_1_60' title='bbox 549 1304 759 1380; x_wconf 83' lang='lat' dir='ltr'><strong>caederetur</strong></span> <span class='ocrx_word' id='word_1_61' title='bbox 790 1328 872 1380; x_wconf 88' lang='lat' dir='ltr'><strong>reus</strong></span> <span class='ocrx_word' id='word_1_62' title='bbox 903 1309 1125 1385; x_wconf 87' lang='lat' dir='ltr'><strong>condemna-</strong></span> 
     </span>
     <span class='ocr_line' id='line_1_11' title="bbox 63 1415 1124 1499; baseline 0.008 -9"><span class='ocrx_word' id='word_1_63' title='bbox 63 1425 144 1490; x_wconf 84' lang='lat' dir='ltr'><strong>tus:</strong></span> <span class='ocrx_word' id='word_1_64' title='bbox 167 1419 218 1491; x_wconf 90' lang='lat' dir='ltr'><strong>in</strong></span> <span class='ocrx_word' id='word_1_65' title='bbox 236 1419 339 1493; x_wconf 88' lang='lat' dir='ltr'><strong>cuius</strong></span> <span class='ocrx_word' id='word_1_66' title='bbox 358 1418 553 1495; x_wconf 79' lang='lat' dir='ltr'><strong>atrocitatis</strong></span> <span class='ocrx_word' id='word_1_67' title='bbox 576 1417 700 1492; x_wconf 85' lang='lat' dir='ltr'><strong>lorum</strong></span> <span class='ocrx_word' id='word_1_68' title='bbox 720 1415 877 1492; x_wconf 84' lang='lat' dir='ltr'><strong>succellrt</strong></span> <span class='ocrx_word' id='word_1_69' title='bbox 896 1443 986 1494; x_wconf 88' lang='lat' dir='ltr'><strong>mox</strong></span> <span class='ocrx_word' id='word_1_70' title='bbox 1004 1420 1124 1499; x_wconf 90' lang='lat' dir='ltr'><strong>lenior</strong></span> 
     </span>
     <span class='ocr_line' id='line_1_12' title="bbox 65 1529 1122 1630; baseline 0.01 -30"><span class='ocrx_word' id='word_1_71' title='bbox 65 1530 177 1617; x_wconf 86' lang='lat' dir='ltr'><strong>ratio,</strong></span> <span class='ocrx_word' id='word_1_72' title='bbox 223 1543 261 1606; x_wconf 86' lang='lat' dir='ltr'><strong>vt</strong></span> <span class='ocrx_word' id='word_1_73' title='bbox 292 1529 409 1607; x_wconf 88' lang='lat' dir='ltr'><strong>securi</strong></span> <span class='ocrx_word' id='word_1_74' title='bbox 433 1543 690 1630; x_wconf 84' lang='lat' dir='ltr'><strong>percuteretur·</strong></span> <span class='ocrx_word' id='word_1_75' title='bbox 712 1529 794 1618; x_wconf 91' lang='lat' dir='ltr'><strong>ille,</strong></span> <span class='ocrx_word' id='word_1_76' title='bbox 837 1545 1032 1630; x_wconf 84' lang='lat' dir='ltr'><strong>antequam</strong></span> <span class='ocrx_word' id='word_1_77' title='bbox 1056 1534 1122 1611; x_wconf 87' lang='lat' dir='ltr'><strong>lab</strong></span> 
     </span>
     <span class='ocr_line' id='line_1_13' title="bbox 64 1640 1122 1742; baseline 0.007 -28"><span class='ocrx_word' id='word_1_78' title='bbox 64 1641 176 1738; x_wconf 81' lang='lat' dir='ltr'><strong>virgis</strong></span> <span class='ocrx_word' id='word_1_79' title='bbox 203 1642 416 1742; x_wconf 78' lang='lat' dir='ltr'><strong>exspiraret:</strong></span> <span class='ocrx_word' id='word_1_80' title='bbox 453 1666 525 1741; x_wconf 86' lang='lat' dir='ltr'><strong>qua</strong></span> <span class='ocrx_word' id='word_1_81' title='bbox 548 1640 696 1740; x_wconf 90' lang='lat' dir='ltr'><strong>quidem</strong></span> <span class='ocrx_word' id='word_1_82' title='bbox 714 1640 914 1741; x_wconf 84' lang='lat' dir='ltr'><strong>suspicione</strong></span> <span class='ocrx_word' id='word_1_83' title='bbox 933 1668 1009 1719; x_wconf 86' lang='lat' dir='ltr'><strong>nrm</strong></span> <span class='ocrx_word' id='word_1_84' title='bbox 1027 1644 1122 1722; x_wconf 88' lang='lat' dir='ltr'><strong>male</strong></span> 
     </span>
     <span class='ocr_line' id='line_1_14' title="bbox 1 1752 1122 1861; baseline 0.004 -32"><span class='ocrx_word' id='word_1_85' title='bbox 1 1854 3 1861; x_wconf 23' lang='grc' dir='ltr'>Ι</span> <span class='ocrx_word' id='word_1_86' title='bbox 64 1774 137 1830; x_wconf 83' lang='lat' dir='ltr'><strong>uos</strong></span> <span class='ocrx_word' id='word_1_87' title='bbox 170 1752 256 1830; x_wconf 87' lang='lat' dir='ltr'><strong>duni</strong></span> <span class='ocrx_word' id='word_1_88' title='bbox 277 1757 464 1855; x_wconf 79' lang='lat' dir='ltr'><strong>apparebit</strong></span> <span class='ocrx_word' id='word_1_89' title='bbox 488 1779 535 1832; x_wconf 87' lang='lat' dir='ltr'><strong>ex</strong></span> <span class='ocrx_word' id='word_1_90' title='bbox 559 1756 602 1829; x_wconf 91' lang='lat' dir='ltr'><strong>iis</strong></span> <span class='ocrx_word' id='word_1_91' title='bbox 630 1752 732 1853; x_wconf 82' lang='lat' dir='ltr'><strong>ipsas,</strong></span> <span class='ocrx_word' id='word_1_92' title='bbox 777 1778 870 1853; x_wconf 90' lang='lat' dir='ltr'><strong>quae</strong></span> <span class='ocrx_word' id='word_1_93' title='bbox 892 1754 938 1830; x_wconf 88' lang='lat' dir='ltr'><strong>de</strong></span> <span class='ocrx_word' id='word_1_94' title='bbox 963 1762 1122 1856; x_wconf 89' lang='lat' dir='ltr'><strong>antiqui·</strong></span> 
     </span>
     <span class='ocr_line' id='line_1_15' title="bbox 59 1866 1122 1968; baseline 0.007 -27.586"><span class='ocrx_word' id='word_1_95' title='bbox 59 1889 128 1953; x_wconf 80' lang='lat' dir='ltr'><strong>ure</strong></span> <span class='ocrx_word' id='word_1_96' title='bbox 145 1866 309 1966; x_wconf 85' lang='lat' dir='ltr'><strong>supplicii</strong></span> <span class='ocrx_word' id='word_1_97' title='bbox 324 1891 459 1967; x_wconf 84' lang='lat' dir='ltr'><strong>genere</strong></span> <span class='ocrx_word' id='word_1_98' title='bbox 477 1881 820 1945; x_wconf 90' lang='lat' dir='ltr'><strong>commemorantur.</strong></span> <span class='ocrx_word' id='word_1_99' title='bbox 868 1868 974 1968; x_wconf 84' lang='lat' dir='ltr'><strong>Apud</strong></span> <span class='ocrx_word' id='word_1_100' title='bbox 991 1868 1122 1948; x_wconf 87' lang='lat' dir='ltr'><strong>Sueto·</strong></span> 
     </span>
     <span class='ocr_line' id='line_1_16' title="bbox 1 1978 1120 2087; baseline 0.002 -28"><span class='ocrx_word' id='word_1_101' title='bbox 1 2046 8 2052; x_wconf 27' lang='lat' dir='ltr'><strong>s</strong></span> <span class='ocrx_word' id='word_1_102' title='bbox 61 1981 168 2059; x_wconf 86' lang='lat' dir='ltr'><strong>nium</strong></span> <span class='ocrx_word' id='word_1_103' title='bbox 196 1980 299 2060; x_wconf 91' lang='lat' dir='ltr'><strong>Nero</strong></span> <span class='ocrx_word' id='word_1_104' title='bbox 317 1986 366 2070; x_wconf 91' lang='lat' dir='ltr'><strong>(c.</strong></span> <span class='ocrx_word' id='word_1_105' title='bbox 385 1988 471 2077; x_wconf 82' lang='lat'><strong>49.)</strong></span> <span class='ocrx_word' id='word_1_106' title='bbox 487 2004 571 2058; x_wconf 88' lang='lat' dir='ltr'><strong>cum</strong></span> <span class='ocrx_word' id='word_1_107' title='bbox 588 1978 752 2069; x_wconf 77' lang='lat' dir='ltr'><strong>audiiset,</strong></span> <span class='ocrx_word' id='word_1_108' title='bbox 783 1979 954 2083; x_wconf 80' lang='lat' dir='ltr'><strong>sclostem</strong></span> <span class='ocrx_word' id='word_1_109' title='bbox 969 2011 991 2058; x_wconf 85' lang='lat' dir='ltr'><strong>a</strong></span> <span class='ocrx_word' id='word_1_110' title='bbox 1001 1986 1120 2087; x_wconf 81' lang='lat' dir='ltr'><strong>senatu</strong></span> 
     </span>
     <span class='ocr_line' id='line_1_17' title="bbox 0 2093 1119 2197; baseline -0.004 -28"><span class='ocrx_word' id='word_1_111' title='bbox 0 2194 1 2197; x_wconf 8' lang='grc' dir='ltr'><strong>Ἴ</strong></span> <span class='ocrx_word' id='word_1_112' title='bbox 60 2093 258 2182; x_wconf 75' lang='lat' dir='ltr'><strong>indicatum,</strong></span> <span class='ocrx_word' id='word_1_113' title='bbox 296 2107 328 2172; x_wconf 82' lang='lat' dir='ltr'><strong>et</strong></span> <span class='ocrx_word' id='word_1_114' title='bbox 349 2100 462 2193; x_wconf 80' lang='lat' dir='ltr'><strong>quaeri</strong></span> <span class='ocrx_word' id='word_1_115' title='bbox 481 2106 518 2168; x_wconf 84' lang='lat' dir='ltr'><strong>vt</strong></span> <span class='ocrx_word' id='word_1_116' title='bbox 537 2098 713 2193; x_wconf 78' lang='lat' dir='ltr'><strong>punietur,</strong></span> <span class='ocrx_word' id='word_1_117' title='bbox 749 2100 1030 2184; x_wconf 76' lang='lat' dir='ltr'><strong>nroramniorur&#39;n,</strong></span> <span class='ocrx_word' id='word_1_118' title='bbox 1060 2099 1119 2172; x_wconf 92' lang='lat' dir='ltr'><strong>in.</strong></span> 
     </span>
     <span class='ocr_line' id='line_1_18' title="bbox 1 2204 1118 2309; baseline 0.005 -27"><span class='ocrx_word' id='word_1_119' title='bbox 1 2218 3 2236; x_wconf 59' lang='lat'><em>*</em></span> <span class='ocrx_word' id='word_1_120' title='bbox 59 2220 269 2306; x_wconf 84' lang='lat' dir='ltr'><strong>terrogatO,</strong></span> <span class='ocrx_word' id='word_1_121' title='bbox 306 2208 399 2305; x_wconf 82' lang='lat' dir='ltr'><strong>quola</strong></span> <span class='ocrx_word' id='word_1_122' title='bbox 413 2207 449 2284; x_wconf 77' lang='lat' dir='ltr'><strong>id</strong></span> <span class='ocrx_word' id='word_1_123' title='bbox 466 2234 565 2303; x_wconf 81' lang='lat' dir='ltr'><strong>genus</strong></span> <span class='ocrx_word' id='word_1_124' title='bbox 580 2204 650 2307; x_wconf 73' lang='lat' dir='ltr'><strong>effu</strong></span> <span class='ocrx_word' id='word_1_125' title='bbox 666 2234 809 2309; x_wconf 78' lang='lat' dir='ltr'><strong>poenae,</strong></span> <span class='ocrx_word' id='word_1_126' title='bbox 839 2214 1009 2307; x_wconf 81' lang='lat' dir='ltr'><strong>comperit,</strong></span> <span class='ocrx_word' id='word_1_127' title='bbox 1036 2210 1118 2288; x_wconf 78' lang='lat' dir='ltr'><strong>nardi</strong></span> 
     </span>
     <span class='ocr_line' id='line_1_19' title="bbox 60 2317 1116 2424; baseline 0.003 -28"><span class='ocrx_word' id='word_1_128' title='bbox 60 2317 199 2399; x_wconf 83' lang='lat' dir='ltr'><strong>lromiuir</strong></span> <span class='ocrx_word' id='word_1_129' title='bbox 220 2325 367 2397; x_wconf 78' lang='lat' dir='ltr'><strong>eerrairnn</strong></span> <span class='ocrx_word' id='word_1_130' title='bbox 397 2323 492 2424; x_wconf 81' lang='lat' dir='ltr'><strong>inseri</strong></span> <span class='ocrx_word' id='word_1_131' title='bbox 509 2325 641 2421; x_wconf 77' lang='lat' dir='ltr'><strong>furcae,</strong></span> <span class='ocrx_word' id='word_1_132' title='bbox 679 2346 796 2419; x_wconf 76' lang='lat' dir='ltr'><strong>corpur</strong></span> <span class='ocrx_word' id='word_1_133' title='bbox 818 2324 919 2419; x_wconf 80' lang='lat' dir='ltr'><strong>uirgis</strong></span> <span class='ocrx_word' id='word_1_134' title='bbox 948 2322 996 2398; x_wconf 82' lang='lat' dir='ltr'><strong>od</strong></span> <span class='ocrx_word' id='word_1_135' title='bbox 1015 2350 1116 2399; x_wconf 79' lang='lat' dir='ltr'><strong>recem</strong></span> 
     </span>
     <span class='ocr_line' id='line_1_20' title="bbox 59 2432 1117 2534; baseline 0.003 -25"><span class='ocrx_word' id='word_1_136' title='bbox 59 2432 163 2514; x_wconf 82' lang='lat' dir='ltr'><strong>coedi.</strong></span> <span class='ocrx_word' id='word_1_137' title='bbox 230 2432 317 2511; x_wconf 91' lang='lat' dir='ltr'><strong>Hoc</strong></span> <span class='ocrx_word' id='word_1_138' title='bbox 347 2436 460 2533; x_wconf 87' lang='lat' dir='ltr'><strong>igitur</strong></span> <span class='ocrx_word' id='word_1_139' title='bbox 488 2448 582 2522; x_wconf 87' lang='lat' dir='ltr'><strong>erat,</strong></span> <span class='ocrx_word' id='word_1_140' title='bbox 624 2460 712 2509; x_wconf 80' lang='lat' dir='ltr'><strong>more</strong></span> <span class='ocrx_word' id='word_1_141' title='bbox 735 2437 894 2511; x_wconf 78' lang='lat' dir='ltr'><strong>urniorum</strong></span> <span class='ocrx_word' id='word_1_142' title='bbox 917 2439 952 2510; x_wconf 83' lang='lat' dir='ltr'><strong>in</strong></span> <span class='ocrx_word' id='word_1_143' title='bbox 978 2435 1117 2534; x_wconf 78' lang='lat' dir='ltr'><strong>aliquem</strong></span> 
     </span>
     <span class='ocr_line' id='line_1_21' title="bbox 55 2543 1114 2647; baseline 0.001 -24"><span class='ocrx_word' id='word_1_144' title='bbox 55 2546 312 2637; x_wconf 79' lang='lat' dir='ltr'><strong>animaduertere</strong></span> <span class='ocrx_word' id='word_1_145' title='bbox 323 2545 460 2624; x_wconf 88' lang='lat' dir='ltr'><strong>hostem</strong></span> <span class='ocrx_word' id='word_1_146' title='bbox 473 2547 671 2623; x_wconf 84' lang='lat' dir='ltr'><strong>iudicatum</strong></span> <span class='ocrx_word' id='word_1_147' title='bbox 682 2545 743 2639; x_wconf 85' lang='lat' dir='ltr'><strong>(cf.</strong></span> <span class='ocrx_word' id='word_1_148' title='bbox 757 2543 906 2647; x_wconf 85' lang='lat' dir='ltr'><strong>Eutrop.</strong></span> <span class='ocrx_word' id='word_1_149' title='bbox 917 2544 1002 2637; x_wconf 90' lang='lat' dir='ltr'><strong>Vll,</strong></span> <span class='ocrx_word' id='word_1_150' title='bbox 1024 2546 1114 2643; x_wconf 84' lang='lat'>15.).</span> 
     </span>
     <span class='ocr_line' id='line_1_22' title="bbox 56 2657 1118 2759; baseline 0.002 -23"><span class='ocrx_word' id='word_1_151' title='bbox 56 2657 193 2737; x_wconf 84' lang='lat' dir='ltr'><strong>Manlit</strong></span> <span class='ocrx_word' id='word_1_152' title='bbox 208 2659 343 2737; x_wconf 86' lang='lat' dir='ltr'><strong>seilicet</strong></span> <span class='ocrx_word' id='word_1_153' title='bbox 356 2663 541 2759; x_wconf 80' lang='lat' dir='ltr'><strong>antiquior</strong></span> <span class='ocrx_word' id='word_1_154' title='bbox 552 2659 614 2735; x_wconf 91' lang='lat' dir='ltr'><strong>ille</strong></span> <span class='ocrx_word' id='word_1_155' title='bbox 633 2658 887 2758; x_wconf 86' lang='lat' dir='ltr'><strong>suppliciimos</strong></span> <span class='ocrx_word' id='word_1_156' title='bbox 898 2667 931 2734; x_wconf 85' lang='lat' dir='ltr'><strong>iu</strong></span> <span class='ocrx_word' id='word_1_157' title='bbox 943 2663 1118 2758; x_wconf 60' lang='lat' dir='ltr'><strong>perduellis</strong></span> 
     </span>
     <span class='ocr_line' id='line_1_23' title="bbox 56 2772 1148 2871; baseline 0.004 -23"><span class='ocrx_word' id='word_1_158' title='bbox 56 2772 138 2856; x_wconf 61' lang='lat' dir='ltr'><strong>bun·</strong></span> <span class='ocrx_word' id='word_1_159' title='bbox 168 2773 480 2871; x_wconf 85' lang='lat' dir='ltr'><strong>quemadmodum</strong></span> <span class='ocrx_word' id='word_1_160' title='bbox 504 2775 611 2849; x_wconf 91' lang='lat' dir='ltr'><strong>etiam</strong></span> <span class='ocrx_word' id='word_1_161' title='bbox 638 2773 683 2848; x_wconf 90' lang='lat' dir='ltr'><strong>ab</strong></span> <span class='ocrx_word' id='word_1_162' title='bbox 711 2775 817 2848; x_wconf 90' lang='lat' dir='ltr'><strong>initio</strong></span> <span class='ocrx_word' id='word_1_163' title='bbox 843 2776 881 2847; x_wconf 90' lang='lat' dir='ltr'><strong>in</strong></span> <span class='ocrx_word' id='word_1_164' title='bbox 909 2774 1113 2870; x_wconf 87' lang='lat' dir='ltr'><strong>perduelles</strong></span> <span class='ocrx_word' id='word_1_165' title='bbox 1145 2826 1148 2832; x_wconf 93' lang='lat'><em>-</em></span> 
     </span>
     <span class='ocr_line' id='line_1_24' title="bbox 58 2885 1114 2987; baseline 0.002 -25"><span class='ocrx_word' id='word_1_166' title='bbox 58 2886 154 2964; x_wconf 91' lang='lat' dir='ltr'><strong>illud</strong></span> <span class='ocrx_word' id='word_1_167' title='bbox 170 2886 388 2987; x_wconf 89' lang='lat' dir='ltr'><strong>supplicium</strong></span> <span class='ocrx_word' id='word_1_168' title='bbox 407 2887 477 2963; x_wconf 90' lang='lat' dir='ltr'><strong>suit</strong></span> <span class='ocrx_word' id='word_1_169' title='bbox 495 2887 576 2982; x_wconf 85' lang='lat' dir='ltr'><strong>lege</strong></span> <span class='ocrx_word' id='word_1_170' title='bbox 591 2885 845 2977; x_wconf 82' lang='lat' dir='ltr'><strong>conllitutum3</strong></span> <span class='ocrx_word' id='word_1_171' title='bbox 875 2887 1003 2962; x_wconf 87' lang='lat' dir='ltr'><strong>latiore</strong></span> <span class='ocrx_word' id='word_1_172' title='bbox 1018 2888 1114 2964; x_wconf 88' lang='lat' dir='ltr'><strong>forte</strong></span> 
     </span>
     <span class='ocr_line' id='line_1_25' title="bbox 54 2990 1115 3100; baseline 0 -24"><span class='ocrx_word' id='word_1_173' title='bbox 54 3002 159 3087; x_wconf 79' lang='lat' dir='ltr'><strong>rosis</strong></span> <span class='ocrx_word' id='word_1_174' title='bbox 175 3002 398 3098; x_wconf 90' lang='lat' dir='ltr'><strong>acceptione,</strong></span> <span class='ocrx_word' id='word_1_175' title='bbox 410 2997 711 3099; x_wconf 87' lang='lat' dir='ltr'><strong>quandoquidem</strong></span> <span class='ocrx_word' id='word_1_176' title='bbox 731 3002 836 3076; x_wconf 87' lang='lat' dir='ltr'><strong>etiam</strong></span> <span class='ocrx_word' id='word_1_177' title='bbox 852 2990 1022 3076; x_wconf 80' lang='lat' dir='ltr'><strong>Horatius</strong></span> <span class='ocrx_word' id='word_1_178' title='bbox 1035 3024 1115 3100; x_wconf 91' lang='lat' dir='ltr'><strong>par-</strong></span> 
     </span>
     <span class='ocr_line' id='line_1_26' title="bbox 54 3103 1112 3214; baseline 0 -24"><span class='ocrx_word' id='word_1_179' title='bbox 54 3103 236 3202; x_wconf 78' lang='lat' dir='ltr'><strong>ricidiijn¹</strong></span> <span class='ocrx_word' id='word_1_180' title='bbox 250 3115 409 3189; x_wconf 81' lang='lat' dir='ltr'><strong>l&#39;ororem</strong></span> <span class='ocrx_word' id='word_1_181' title='bbox 420 3136 502 3190; x_wconf 90' lang='lat' dir='ltr'><strong>reus</strong></span> <span class='ocrx_word' id='word_1_182' title='bbox 520 3110 782 3214; x_wconf 88' lang='lat' dir='ltr'><strong>perduellionis</strong></span> <span class='ocrx_word' id='word_1_183' title='bbox 800 3112 975 3189; x_wconf 89' lang='lat' dir='ltr'><strong>iudicium</strong></span> <span class='ocrx_word' id='word_1_184' title='bbox 987 3113 1112 3210; x_wconf 89' lang='lat' dir='ltr'><strong>subiit;</strong></span> 
     </span>
     <span class='ocr_line' id='line_1_27' title="bbox 53 3225 1112 3325; baseline 0.002 -23"><span class='ocrx_word' id='word_1_185' title='bbox 53 3225 120 3302; x_wconf 89' lang='lat' dir='ltr'><strong>nili</strong></span> <span class='ocrx_word' id='word_1_186' title='bbox 147 3227 242 3304; x_wconf 89' lang='lat' dir='ltr'><strong>forte</strong></span> <span class='ocrx_word' id='word_1_187' title='bbox 270 3227 422 3306; x_wconf 86' lang='lat' dir='ltr'><strong>statuere</strong></span> <span class='ocrx_word' id='word_1_188' title='bbox 448 3226 570 3317; x_wconf 87' lang='lat' dir='ltr'><strong>malis,</strong></span> <span class='ocrx_word' id='word_1_189' title='bbox 604 3225 719 3301; x_wconf 87' lang='lat' dir='ltr'><strong>statim</strong></span> <span class='ocrx_word' id='word_1_190' title='bbox 738 3227 782 3301; x_wconf 89' lang='lat' dir='ltr'><strong>ab</strong></span> <span class='ocrx_word' id='word_1_191' title='bbox 800 3227 906 3301; x_wconf 90' lang='lat' dir='ltr'><strong>initio</strong></span> <span class='ocrx_word' id='word_1_192' title='bbox 921 3229 1010 3325; x_wconf 91' lang='lat' dir='ltr'><strong>reip.</strong></span> <span class='ocrx_word' id='word_1_193' title='bbox 1032 3250 1112 3305; x_wconf 85' lang='lat' dir='ltr'><strong>eam</strong></span> 
     </span>
     <span class='ocr_line' id='line_1_28' title="bbox 53 3335 1113 3437; baseline 0.004 -23"><span class='ocrx_word' id='word_1_194' title='bbox 53 3340 145 3415; x_wconf 88' lang='lat' dir='ltr'><strong>iuris</strong></span> <span class='ocrx_word' id='word_1_195' title='bbox 166 3337 348 3417; x_wconf 73' lang='lat' dir='ltr'><strong>ditionem</strong></span> <span class='ocrx_word' id='word_1_196' title='bbox 372 3335 577 3428; x_wconf 78' lang='lat' dir='ltr'><strong>inualuille,</strong></span> <span class='ocrx_word' id='word_1_197' title='bbox 616 3352 672 3426; x_wconf 86' lang='lat' dir='ltr'><strong>vt,</strong></span> <span class='ocrx_word' id='word_1_198' title='bbox 710 3339 774 3437; x_wconf 90' lang='lat' dir='ltr'><strong>qui</strong></span> <span class='ocrx_word' id='word_1_199' title='bbox 800 3339 946 3415; x_wconf 88' lang='lat' dir='ltr'><strong>caedem</strong></span> <span class='ocrx_word' id='word_1_200' title='bbox 965 3339 1113 3418; x_wconf 87' lang='lat' dir='ltr'><strong>aliudue</strong></span> 
     </span>
     <span class='ocr_line' id='line_1_29' title="bbox 53 3449 1112 3542; baseline 0.001 -14"><span class='ocrx_word' id='word_1_201' title='bbox 53 3450 172 3528; x_wconf 86' lang='lat' dir='ltr'><strong>scelus</strong></span> <span class='ocrx_word' id='word_1_202' title='bbox 195 3449 440 3542; x_wconf 80' lang='lat' dir='ltr'><strong>commifiiiet,</strong></span> <span class='ocrx_word' id='word_1_203' title='bbox 489 3455 626 3530; x_wconf 92' lang='lat' dir='ltr'><strong>ciuium</strong></span> <span class='ocrx_word' id='word_1_204' title='bbox 653 3473 808 3527; x_wconf 90' lang='lat' dir='ltr'><strong>numero</strong></span> <span class='ocrx_word' id='word_1_205' title='bbox 835 3467 1000 3527; x_wconf 83' lang='lat' dir='ltr'><strong>exemtus</strong></span> <span class='ocrx_word' id='word_1_206' title='bbox 1017 3456 1112 3529; x_wconf 87' lang='lat' dir='ltr'><strong>inter</strong></span> 
     </span>
     <span class='ocr_line' id='line_1_30' title="bbox 50 3563 1111 3666; baseline 0 -25"><span class='ocrx_word' id='word_1_207' title='bbox 50 3564 280 3666; x_wconf 85' lang='lat' dir='ltr'><strong>perduelles,</strong></span> <span class='ocrx_word' id='word_1_208' title='bbox 309 3564 382 3645; x_wconf 90' lang='lat' dir='ltr'><strong>hoc</strong></span> <span class='ocrx_word' id='word_1_209' title='bbox 402 3566 451 3645; x_wconf 88' lang='lat' dir='ltr'><strong>est</strong></span> <span class='ocrx_word' id='word_1_210' title='bbox 473 3563 719 3663; x_wconf 86' lang='lat' dir='ltr'><strong>reip.·hostes,</strong></span> <span class='ocrx_word' id='word_1_211' title='bbox 745 3563 958 3650; x_wconf 86' lang='lat' dir='ltr'><strong>referretur,</strong></span> <span class='ocrx_word' id='word_1_212' title='bbox 989 3587 1111 3665; x_wconf 89' lang='lat' dir='ltr'><strong>eoque</strong></span> 
     </span>
     <span class='ocr_line' id='line_1_31' title="bbox 49 3673 1109 3779; baseline 0 -25"><span class='ocrx_word' id='word_1_213' title='bbox 49 3677 318 3779; x_wconf 88' lang='lat' dir='ltr'><strong>perduellionis</strong></span> <span class='ocrx_word' id='word_1_214' title='bbox 345 3701 465 3779; x_wconf 89' lang='lat' dir='ltr'><strong>poena</strong></span> <span class='ocrx_word' id='word_1_215' title='bbox 490 3676 700 3755; x_wconf 86' lang='lat' dir='ltr'><strong>afficeretur.</strong></span> <span class='ocrx_word' id='word_1_216' title='bbox 759 3673 812 3751; x_wconf 83' lang='lat' dir='ltr'><strong>Ita</strong></span> <span class='ocrx_word' id='word_1_217' title='bbox 838 3680 936 3751; x_wconf 91' lang='lat' dir='ltr'><strong>enim</strong></span> <span class='ocrx_word' id='word_1_218' title='bbox 953 3675 1109 3768; x_wconf 86' lang='lat' dir='ltr'><strong>Horatii,</strong></span> 
     </span>
     <span class='ocr_line' id='line_1_32' title="bbox 52 3785 1110 3892; baseline 0.001 -26"><span class='ocrx_word' id='word_1_219' title='bbox 52 3794 121 3892; x_wconf 91' lang='lat' dir='ltr'><strong>qui</strong></span> <span class='ocrx_word' id='word_1_220' title='bbox 151 3791 334 3891; x_wconf 83' lang='lat' dir='ltr'><strong>parricidii</strong></span> <span class='ocrx_word' id='word_1_221' title='bbox 365 3816 448 3870; x_wconf 89' lang='lat' dir='ltr'><strong>reus</strong></span> <span class='ocrx_word' id='word_1_222' title='bbox 483 3804 576 3879; x_wconf 87' lang='lat' dir='ltr'><strong>erat,</strong></span> <span class='ocrx_word' id='word_1_223' title='bbox 627 3785 740 3866; x_wconf 79' lang='lat' dir='ltr'><strong>cautla</strong></span> <span class='ocrx_word' id='word_1_224' title='bbox 772 3792 810 3864; x_wconf 92' lang='lat' dir='ltr'><strong>in</strong></span> <span class='ocrx_word' id='word_1_225' title='bbox 839 3791 965 3890; x_wconf 88' lang='lat' dir='ltr'><strong>primis</strong></span> <span class='ocrx_word' id='word_1_226' title='bbox 993 3791 1110 3867; x_wconf 85' lang='lat' dir='ltr'><strong>statim</strong></span> 
     </span>
     <span class='ocr_line' id='line_1_33' title="bbox 110 3899 1109 4009; baseline -0.007 -22"><span class='ocrx_word' id='word_1_227' title='bbox 110 3919 445 4009; x_wconf 68' lang='lat' dir='ltr'><strong>HauniiOpusc.acnd.</strong></span> <span class='ocrx_word' id='word_1_228' title='bbox 461 3921 530 3991; x_wconf 83' lang='lat' dir='ltr'><strong>Vol.</strong></span> <span class='ocrx_word' id='word_1_229' title='bbox 544 3919 614 3985; x_wconf 89' lang='lat' dir='ltr'><em>III.</em></span> <span class='ocrx_word' id='word_1_230' title='bbox 728 3899 767 3976; x_wconf 88' lang='lat' dir='ltr'>N</span> <span class='ocrx_word' id='word_1_231' title='bbox 1020 3899 1109 3980; x_wconf 82' lang='lat' dir='ltr'><strong>Liui</strong></span> 
     </span>
    </p>
   </div>
   <div class='ocr_carea' id='block_1_5' title="bbox 0 0 1298 5078">
    <p class='ocr_par' dir='ltr' id='par_1_5' title="bbox 0 0 1298 5078">
     <span class='ocr_line' id='line_1_34' title="bbox 0 0 1298 5078; baseline 0 1"><span class='ocrx_word' id='word_1_232' title='bbox 0 0 1298 5078; x_wconf 95' lang='lat' dir='ltr'><strong> </strong></span> 
     </span>
    </p>
   </div>
  </div>
 </body>
</html>
