2602 4814
240 509 365 617 '³522
632 508 953 559 '¹¹-

238 709 333 790 ditio
363 721 401 787 et
430 705 558 785 statur:
608 708 735 807 aequis
769 704 866 784 forte
898 705 1199 789 conditionious

238 819 360 902 fuiffet
371 817 649 899 Atheniensibus
666 816 819 920 parendi
831 817 976 918 gloria,
1004 821 1206 924 diuqueil]

238 935 426 1015 cedonum
451 933 612 1034 imperiis
636 931 800 1010 obnoxia
820 932 964 1010 artibus
995 934 1206 1040 litterisque

237 1062 324 1129 catu
347 1055 384 1126 'et
406 1046 641 1146 nauigatione
667 1039 849 1122 floruiffet
909 1039 1133 1127 Enimuero
1157 1074 1206 1129 cu

240 1172 297 1241 ter
316 1183 442 1261 reges,
471 1160 580 1236 armis
602 1155 775 1235 ciuilibus
791 1155 825 1233 se
838 1168 974 1235 mutuo
993 1160 1207 1260 aggreffos‚

242 1274 399 1356 cedonia
414 1271 541 1350 viiiori
557 1268 691 1370 praeda
707 1266 793 1347 effet
806 1281 947 1370 parata,
989 1273 1033 1348 in
1052 1276 1207 1375 quami]

239 1386 404 1479 volaret,
439 1385 618 1483 regnique
638 1379 812 1484 praemia
827 1396 864 1459 et
879 1383 1068 1463 excubiae
1086 1409 1207 1487 quaen

239 1499 318 1578 fere
344 1494 457 1575 effent
479 1497 520 1573 in
539 1493 709 1573 Graecia:
744 1493 844 1573 illius
866 1490 990 1572 seu‘vi
1017 1496 1086 1575 seu
1104 1499 1207 1580 fraud

241 1608 430 1711 cupandae
445 1606 594 1687 contilia
609 1607 838 1708 agitabantur
851 1607 897 1684 ab
916 1610 1130 1704 omnibus,
1157 1637 1207 1716 qu

240 1723 426 1802 cedonum
450 1743 567 1822 regno
584 1720 791 1810 inhiabant,
818 1743 866 1798 ex
882 1717 959 1797 Alia
979 1721 1207 1827 plerumqur

240 1835 335 1915 fecii
393 1832 584 1913 Graeciam
610 1844 733 1910 autem
755 1855 867 1911 nemo
888 1845 1019 1912 tenere
1041 1852 1208 1936 poterat

243 1951 311 2052 qui
331 1946 518 2027 Piraeeum
535 1958 572 2025 et
586 1943 744 2024 Athenas
761 1946 801 2022 in
815 1946 991 2048 potestate
1007 1946 1192 2030 habebat.

356 2085 533 2189 Praeceps
556 2098 633 2164 erat
654 2083 846 2163 confilium
865 2084 1135 2186 postmortem
1160 2090 1207 2170 Al

243 2201 322 2291 dri,
366 2200 469 2301 quod
497 2198 629 2278 Graeci
655 2220 733 2275 non
756 2212 831 2276 tam
851 2195 1001 2274 foedere
1024 2199 1131 2282 fario
1155 2228 1208 2282 rer

242 2312 405 2403 firmare,
442 2312 481 2390 id
505 2311 608 2412 quod
630 2310 819 2412 prudentis
841 2307 979 2388 confilii
1003 2327 1108 2406 erat,
1148 2340 1208 2417 qu

245 2422 461 2502 Theisaliam
489 2423 660 2501 aduersus
688 2422 918 2525 Antipatrum
946 2444 1209 2506 excurrerem

240 2543 336 2615 'rant
393 2533 579 2626 Phocion,
606 2535 739 2637 siquid
751 2536 870 2626 aliud.
898 2537 991 2613 bene
1011 2539 1210 2640 perspexit

243 2648 292 2727 ad
317 2671 431 2727 vnum
459 2649 611 2751 quidem
628 2650 811 2751 impetum
825 2647 1046 2728 fruendum
1072 2675 1174 2754 opes
1201 2658 1209 2727 t

243 2783 372 2841 corum
396 2762 478 2841 satis
500 2785 650 2862 magnas
678 2758 767 2854 effe,
817 2760 862 2840 ad
884 2759 1026 2839 bellum
1050 2784 1151 2845 vero
1176 2768 1209 2845 di

240 2875 512 2955 sustentandum
536 2876 631 2953 uires
653 2873 751 2953 haud
774 2872 942 2955 sufficere.
1001 2869 1150 2978 Copias
1173 2904 1209 2956 er

242 2984 447 3067 Leosthene
466 2986 685 3089 conscriptas
708 2989 834 3066 multis
853 2987 1070 3066 mirantibus
1091 3004 1136 3069 et
1152 2988 1208 3070 Ph

242 3125 349 3192 nem,
395 3125 521 3181 arrnon
553 3101 646 3178 bene
670 3100 854 3180 instructas
876 3112 1040 3202 putaret,
1083 3125 1209 3204 rogan

243 3213 359 3304 Reor,
394 3216 538 3316 inquit,
573 3212 622 3291 od
631 3212 800 3318 fraihn,-
827 3225 865 3293 ατ
880 3209 1040 3292 delicium
1055 3210 1138 3294 beili
1153 3218 1209 3297 exi

236 3329 317 3435 sco,
343 3325 743 3430 quodueqaestipmdium
756 3329 883 3406 mirati
899 3325 1008 3414 alieri,
1033 3353 1209 3410 aecem

241 3439 355 3521 milites
376 3435 522 3545 sante),
587 3437 731 3520 Interea
751 3438 911 3518 animose
931 3438 1010 3518 satis
1038 3436 1209 3524 Graecos

242 3565 435 3656 expertos,
449 3588 452 3597 ⁴
468 3552 558 3655 quid
573 3575 642 3655 pro
657 3552 823 3631 libertate
842 3550 1088 3655 recuperanda
1104 3552 1173 3635 seu
1191 3579 1209 3635 r

239 3666 304 3745 seu
333 3665 475 3746 confilii
498 3664 666 3766 sagacitas
686 3662 820 3767 affequi
834 3663 988 3767 poffet,·
1006 3669 1136 3766 negari
1159 3694 1209 3747 ne

240 3775 352 3856 vitio
385 3777 432 3857 ad
460 3773 625 3859 Lamiam
657 3776 850 3881 Antipatro
878 3778 945 3880 ipri
978 3800 1069 3856 mox
1093 3787 1209 3861 coniu

240 3887 383 3991 Crateri
411 3903 450 3969 et
472 3885 656 3972 Leonnati
685 3894 793 3975 uuir
818 3890 1209 3995 superati-succubuer-

237 4147 241 4155 ’
300 4157 336 4246 ι)
352 4160 433 4233 Pht
447 4173 562 4247 pm·
577 4161 620 4231 A.
634 4162 671 4230 Β.

300 4262 605 4435 neffrlr'mcrxgyn’rss'.
613 4260 734 4334 merc.
748 4263 790 4337 ti.
804 4281 875 4348 rra·
889 4283 972 4334 meo
982 4248 1209 4336 memorien
