2496 4936
473 586 769 652 *¹
1104 604 1164 690 ‘n‘

76 816 277 901 eurumque
297 799 426 887 aeris,
456 796 567 874 matis
586 808 625 873 et
641 811 757 874 terrae
774 812 897 878 motus
916 813 961 881 et
978 798 1164 906 explolio.

80 943 148 997 nes:
179 918 341 993 mirum
368 913 501 990 haberi
529 911 679 1009 nequit,
722 910 748 986 s1
772 915 818 990 ab
842 915 900 992 his
925 919 1162 1016 potissimum,

85 1055 166 1133 quae
186 1030 372 1107 humana
397 1027 436 1102 vi
458 1026 595 1102 maiora
619 1020 688 1100 elle
724 1027 968 1126 stupidiffimis
1001 1035 1162 1135 ingeniis

86 1149 234 1225 obuium
249 1141 321 1232 fit,
350 1140 595 1216 barbarorum
618 1137 818 1236 religiones
847 1145 1047 1240 procedere
1065 1150 1166 1225 vide-

88 1263 206 1338 tinne
267 1254 329 1332 Vt
347 1277 439 1330 vero
457 1251 504 1329 de
519 1251 664 1329 tutiore
681 1275 806 1330 eorum
824 1279 949 1332 rerum
972 1263 1166 1357 cogitatio·

90 1399 172 1451 nem
194 1370 420 1456 admittant,
456 1389 533 1443 non
565 1362 631 1440 nist
659 1364 738 1442 sero
765 1365 846 1445 fieri
876 1370 1025 1447 credere
1059 1372 1166 1467 licet;

92 1485 194 1589 quod
218 1483 246 1563 sr
271 1481 460 1559 auctorem
487 1477 684 1576 assignant,
724 1482 800 1556 eius
822 1485 1017 1561 notionem
1044 1500 1167 1564 tomen

94 1603 216 1688 aliter,
254 1620 369 1697 quam
394 1594 441 1670 ad
467 1593 670 1669 humanum
696 1596 936 1693 exemplum,
982 1598 1053 1674 tale
1085 1604 1168 1700 qui.

94 1716 204 1799 dem,
234 1709 349 1812 quale
365 1706 431 1808 ipsi
448 1706 566 1784 oculis
583 1707 789 1805 animisque
806 1726 1071 1809 perceperant,
1095 1714 1167 1791 sus·

96 1831 218 1928 cipere
246 1833 451 1923 nequeunt
508 1815 630 1900 lnelse,
648 1823 773 1920 itaque
801 1821 1039 1913 fulminibus,
1079 1852 1167 1904 ven.

97 1946 161 2031 tis,
188 1939 303 2027 mati,
330 1935 432 2013 etsrc
451 1956 586 2033 porro,
615 1933 778 2009 statuunt
803 1951 969 2027 naturas,
1004 1961 1099 2038 quae
1126 1965 1167 2018 ea

96 2067 296 2146 moueant3
322 2050 369 2127 de
388 2047 461 2148 ipsa
478 2047 659 2127 mouendi
686 2049 985 2155 rationespnrum
1009 2051 1165 2133 solliciti.

97 2168 327 2249 Imbuuntur
354 2177 478 2240 tamen
506 2162 621 2236 animi
642 2159 768 2238 sensim
792 2161 994 2265 sensimque
1026 2167 1169 2265 persua.

96 2282 201 2361 fiune
229 2279 396 2365 roboris,
435 2276 589 2362 virium,
623 2273 834 2366 celeritatis,
870 2275 1049 2356 efficaciae
1074 2304 1171 2380 quae

98 2400 138 2474 iu
153 2393 230 2472 illis
246 2394 383 2470 naturis
405 2388 457 2465 lit.
516 2385 573 2465 Ex
592 2388 649 2464 his
671 2388 871 2489 aliquando
893 2394 1011 2469 sensus
1036 2393 1170 2494 aliquis

99 2509 296 2607 religiosus
322 2503 517 2596 enascitut3
558 2525 721 2602 cumque
747 2506 777 2579 is
801 2506 845 2580 ab
874 2509 937 2595 iis,
978 2531 1072 2608 quae
1098 2524 1170 2584 ter·

100 2638 207 2712 rent,
249 2621 455 2702 minantur,
494 2629 634 2692 nocent
661 2629 699 2690 et
729 2633 901 2708 enecant,
948 2619 1169 2720 processerit,

101 2739 227 2815 omnis
247 2734 485 2810 barbarorum
505 2729 674 2828 religioe
701 2744 802 2807 metu
828 2756 869 2809 ac
901 2746 1038 2811 terrore
1061 2734 1172 2835 profi·

104 2851 257 2929 cisentur
272 2842 411 2924 necesse
429 2844 498 2938 est3
535 2858 576 2918 vt
597 2843 690 2919 adeo
717 2844 888 2943 hellenus
913 2848 1006 2924 recle
1032 2849 1173 2929 dicium'

103 2963 175 3043 else
191 2963 376 3050 videatur,
407 2957 511 3057 quod
528 2965 637 3055 poeta
653 2956 780 3034 habet:
812 2961 946 3036 Primus
962 2966 996 3038 in
1007 2962 1084 3040 orbe
1099 2962 1174 3040 deos

97 3082 180 3183 serit
194 3081 307 3153 timor.
364 3071 422 3149 Ad
446 3071 610 3147 nostrum
625 3073 750 3171 potius
768 3095 877 3171 quarn
904 3074 949 3151 a'd
972 3077 1120 3154 rudium
1137 3092 1174 3154 et

103 3192 335 3271 incultorum
351 3187 547 3263 hominum
564 3182 705 3260 sensum
721 3203 972 3287 comparatum
990 3190 1049 3279 est,
1070 3189 1174 3291 quod

106 3310 169 3409 pie
186 3305 304 3402 magis
323 3323 433 3400 quam
451 3298 702 3396 intelligenter
726 3303 888 3378 arbitrari
913 3303 1032 3381 solent
1052 3305 1173 3394 multi.

106 3423 154 3499 ab
173 3415 341 3517 adspetlu
358 3411 515 3490 siderum
543 3433 585 3487 ac
609 3411 700 3488 caeli
728 3415 886 3490 mirabili
912 3420 1066 3515 primam
1092 3418 1176 3494 reli.

108 3537 261 3636 giouem
282 3525 461 3630 proficisci
484 3525 628 3602 debere.
686 3523 735 3603 At
754 3529 904 3628 plurimi
923 3530 1005 3605 sunt
1022 3532 1174 3621 barbari,

109 3648 157 3726 ad
175 3646 327 3724 minima
350 3663 519 3743 quaeque
537 3640 742 3738 stupentes,
767 3644 832 3741 qui
850 3642 962 3722 solem
980 3659 1017 3720 et
1033 3645 1177 3726 caelum

110 3781 306 3859 nunquam
330 3750 520 3855 suspexisse
539 3752 731 3849 videntur;
766 3778 836 3831 nec
857 3759 922 3846 iis,
956 3760 1091 3856 quibus
1115 3761 1178 3836 ad·

109 3876 282 3960 sueuere,
311 3867 504 3944 intendere
525 3865 645 3942 solent
673 3871 815 3975 animos
843 3871 1005 3964 barbam
1043 3865 1180 3951 necin

111 3982 469 4083 contemplationem
489 4004 612 4057 rerunt
638 3981 843 4059 coelestium
871 4008 1011 4085 pronos
1034 3990 1178 4063 animos

112 4103 224 4180 rudes
241 4113 278 4174 et
294 4095 445 4174 obtusos
460 4093 725 4184 crederelicet,
755 4095 819 4171 nist
838 4101 1033 4196 repentino
1052 4101 1180 4199 aliquo

71 4291 72 4294 t
111 4217 199 4296 solis
223 4230 286 4291 aut
315 4209 426 4287 lunae
454 4207 607 4285 desetiu.
676 4205 732 4284 Ab
758 4210 830 4287 hoc
864 4213 959 4288 forte
981 4227 1043 4288 aut
1073 4213 1182 4289 fimili

113 4330 194 4415 tal'u
211 4324 320 4409 eretis
337 4322 440 4415 suere
457 4321 729 4403 nonnullorum
742 4323 973 4427 populorum
989 4328 1123 4410 animi,
1142 4333 1182 4395 vt

1066 4435 1183 4515 solem
