2496 4936
120 706 180 812 3⁴
510 726 801 789 ,ξε-...-

122 904 174 1003 V,
188 897 261 1011 ῖς)
274 907 375 988 haud
388 907 568 987 absimiles
583 907 898 1001 earumfraudum,
912 910 1003 1012 quas
1024 910 1192 990 nuncin-
1235 915 1246 994 l

120 1036 178 1106 ter
193 1024 365 1101 barbaros
382 1021 482 1100 Aliae
495 1037 534 1099 et
553 1021 651 1101 feros
662 1023 851 1102 American
874 1025 1039 1126 populos
1052 1024 1193 1126 ubique
1231 1058 1248 1107 r:

51 1167 53 1174 ¹
121 1138 265 1218 faciunt
277 1140 369 1216 certi
384 1136 555 1215 homines
563 1150 627 1215 aut
641 1138 767 1215 furore
783 1138 936 1239 perculsi
947 1153 1012 1216 aut
1026 1138 1193 1217 furorem
1231 1153 1246 1210 t

121 1251 345 1333 simulantes.
409 1248 458 1329 At
483 1251 716 1328 mirationem
745 1252 864 1330 facere
889 1252 1010 1352 potest
1036 1254 1192 1331 morbus
1231 1288 1242 1339 2·

121 1358 188 1445 ille
220 1388 287 1467 per
317 1389 429 1443 omne
457 1363 663 1442 humanum
686 1388 806 1465 genus
833 1365 1025 1464 vulgatus,
1069 1365 1192 1444 multo
1232 1406 1246 1454 ῑ·

124 1503 216 1558 vero
244 1481 404 1557 maxime
424 1479 522 1556 inter
549 1478 712 1580 populos
738 1481 935 1567 barbaros,
967 1480 1133 1579 stupidos
1154 1493 1191 1557 et
1232 1518 1245 1567 2.

123 1595 296 1675 onmium
315 1617 440 1672 rerum
460 1595 629 1692 ignaros,
668 1605 727 1682 vt,
755 1617 845 1672 cum
865 1592 959 1669 nihil
978 1593 1083 1696 quod
1104 1608 1190 1671 ante
1238 1658 1248 1676 .

124 1707 256 1786 oculos
280 1706 440 1807 positum
461 1705 524 1796 lit,
555 1704 783 1806 intelligant,
817 1706 887 1784 sint
908 1721 1030 1785 tamen
1053 1707 1191 1809 quifu-
1237 1763 1248 1794 ».

123 1835 205 1917 tura
226 1821 466 1921 praeuideant
479 1843 523 1897 ac
540 1819 759 1922 praedicant
818 1820 926 1901 Nihil
938 1819 1122 1909 sotteest,
1150 1823 1190 1898 in
1242 1882 1248 1909 ,

125 1958 205 2037 quo
237 1937 380 2033 ingenii
408 1935 564 2012 humani
585 1934 818 2012 imbecillitas
839 1937 880 2011 in
905 1937 1023 2035 magis
1046 1934 1192 2036 conspi-

123 2072 199 2128 cuo
228 2047 317 2126 loco
333 2047 448 2151 polita
464 2046 507 2124 sit
519 2071 633 2148 quam
648 2050 687 2125 in
706 2048 800 2138 hoc,
828 2048 951 2150 quod,
977 2072 1056 2149 quo
1073 2051 1191 2147 magis
1237 2096 1241 2142 3

124 2161 255 2241 obtusa
274 2162 473 2240 hominum
495 2162 579 2239 sunt
601 2165 774 2262 ingenia,
813 2186 859 2239 eo
881 2160 966 2262 plus
991 2161 1057 2239 sibi
1073 2162 1192 2238 vindi·
1244 2253 1248 2258 Α

125 2292 212 2355 cant
236 2279 276 2352 in
301 2276 468 2354 videndis
494 2276 625 2354 futuris
633 2303 646 2370 ;
689 2290 727 2353 et
747 2299 826 2376 quo
849 2280 973 2354 minus
1000 2296 1123 2353 rerum
1151 2279 1192 2352 in
1242 2326 1244 2366 z

122 2388 247 2470 senius
269 2392 537 2468 incurrentium
554 2403 700 2468 naturae
716 2390 909 2491 explorare
926 2389 1114 2480 laborant,
1142 2414 1190 2467 eo
1244 2392 1245 2396 '

123 2504 234 2604 plura
271 2504 318 2581 de
347 2506 467 2605 geniis
498 2527 541 2582 ac
572 2504 817 2582 daemonibus
848 2504 1193 2591 comminiscuntur,

125 2639 224 2718 quos
243 2618 364 2695 oculis
385 2617 572 2718 usurpauit
593 2633 657 2695 aut
679 2618 754 2695 alio
771 2618 873 2696 seusu
890 2621 1062 2716 cognitos
1077 2617 1189 2695 habet
1242 2639 1244 2645 ·

50 2761 51 2764 ¹
125 2754 249 2809 nemo.
293 2730 415 2809 Potest
429 2744 552 2808 tamen
563 2747 604 2809 et
617 2731 726 2810 huius
743 2734 797 2809 rei
814 2736 908 2809 ratio
922 2732 1025 2810 reddi
1040 2732 1185 2809 idonea.
1244 2786 1246 2825 y

116 2843 297 2950 Naturali
306 2847 405 2921 enim
416 2846 616 2945 cupiditate
625 2844 873 2945 cognoscendi
886 2847 1008 2923 futura
1017 2848 1192 2923 incitatos
1246 2927 1247 2932 g

124 2960 247 3037 multo
259 2959 523 3057 magisirritant
531 2960 756 3038 somniorum
773 2959 942 3054 ludibria3
952 2961 1086 3060 quibus
1101 2984 1189 3038 cum

124 3073 293 3150 viderent
314 3071 501 3150 interdum
528 3098 593 3166 ea,
635 3097 730 3174 quae
756 3098 846 3151 mox
872 3075 1022 3150 euenire
1049 3072 1189 3149 necetle
1244 3150 1247 3154 .

124 3187 201 3263 fuit
215 3201 279 3263 aut
297 3208 392 3287 quae
405 3187 488 3264 calu
502 3189 756 3288 contigerunt:
773 3190 1006 3288 arripuerunt
1020 3187 1071 3276 id,
1084 3186 1190 3286 quod

24 3336 26 3341 v
124 3314 253 3377 natura
271 3299 479 3390 obtulerat,
510 3316 620 3401 atque
640 3305 751 3379 etiam
767 3303 806 3378 in
828 3305 913 3379 artis
933 3315 1193 3380 commentum

112 3429 400 3520 conuenerunt.
460 3412 591 3515 ltaque
608 3415 757 3496 somniis
778 3428 970 3516 tantopere
990 3414 1192 3512 indulgent

125 3528 291 3618 barbari,
315 3541 355 3604 ut
377 3530 487 3605 etiam
502 3531 648 3605 ieiuniis
667 3529 848 3606 diuturnis
865 3553 906 3605 ea
922 3527 988 3605 fibi
1003 3525 1178 3606 arcellant

123 3639 182 3719 Ab
201 3640 258 3718 his
274 3641 405 3718 iisdem
420 3641 570 3720 somniis
591 3641 787 3741 profetiam
803 3643 1014 3742 putabimus
1041 3645 1149 3742 opini·

124 3779 212 3832 nem
230 3754 275 3831 de
298 3756 487 3833 animabus
510 3756 591 3855 post
614 3768 773 3834 mortem
796 3755 1045 3857 superstitibus
1053 3780 1065 3849 ;
1102 3779 1141 3831 na

123 3893 145 3947 a
161 3867 415 3969 philosophica
430 3869 745 3971 contemplatione
764 3873 839 3971 peti
862 3869 926 3946 illa
950 3893 1029 3946 non
1050 3884 1142 3969 potu

125 3979 312 4062 Obiicitur
331 3981 407 4060 viso
423 3983 605 4060 nodurno
614 3982 750 4060 Achilli
764 3985 890 4060 umbra
906 3980 1084 4062 Patrocli:
1110 4006 1118 4027 t

125 4095 229 4175 bram
250 4097 363 4194 igitur
390 4098 469 4174 eius
495 4094 671 4198 superesse
699 4096 881 4175 creditum
905 4098 964 4174 eit
1032 4093 1101 4174 Vid

124 4211 226 4288 idem
249 4210 415 4287 vmbram
438 4209 598 4288 Patrocli
621 4235 771 4290 currum
795 4214 996 4310 agitantem
1022 4225 1060 4288 et
1088 4234 1103 4287 a

123 4321 360 4402 tradentem:
418 4324 510 4423 quid
526 4328 679 4414 mirum,
706 4322 733 4402 fi
750 4328 790 4401 in
807 4325 932 4401 inferis
949 4324 1089 4402 umbra«

123 4436 183 4531 dia
214 4436 362 4540 pristina
388 4437 449 4517 seu
465 4505 468 4511 .
482 4463 669 4521 armorum
693 4437 754 4518 seu
778 4441 983 4518 venationis
1014 4461 1067 4541 pn
