710 1331
117 203 158 222 ²²4
314 201 456 214 2—

115 246 191 272 quidem
205 249 299 271 tempore,
319 243 358 271 quo
371 246 456 271 :uulgata
463 249 501 265 erat
508 247 596 272 quaestio,
611 253 651 267 exa-
673 253 674 256 ¹

114 276 166 294 mine
181 280 224 294 cum
236 273 331 296 stetissent,
354 274 435 293 honores
450 275 563 295 academicos
577 276 650 295 decreto

115 302 193 323 Ordinis
207 303 232 322 sui
243 304 279 322 iam
291 302 334 322 sunt
342 303 459 327 consequuti:
478 303 513 322 hos
523 305 587 328 vtique
596 310 605 323 a
614 310 651 324 cer-

115 333 183 351 tamine
194 332 282 351 abstinere
294 331 347 350 satius
355 331 389 354 est;
404 331 427 350 de
435 337 500 351 eorum
509 332 558 351 enim
568 332 649 352 domina

114 361 151 379 iam
165 360 253 379 iudicium
264 359 330 378 fadum
342 359 367 378 est
378 359 411 378 illo
422 359 461 384 ipso
474 366 526 379 nouo
538 360 610 380 honore
621 361 652 381 de-

114 388 163 412 latu;
186 392 205 407 et
219 388 288 407 habent
306 388 334 407 iili
349 387 384 406 alia
398 388 481 410 confilia.
500 392 540 407 turn
554 389 650 409 industriae

114 417 207 436 acuendae
222 416 318 441 praefidh,
340 422 376 435 nec
390 422 470 441 aequum
482 416 516 436 eise
527 417 611 440 videtur,
630 422 649 437 vt

110 446 196 465 *veterani
210 445 243 466 iis.
265 445 297 470 qui
313 444 400 469 stipendia
411 444 471 464 adhuc
483 445 562 468 faciunt,
582 447 649 471 praeri-

113 474 165 499 piant
175 474 205 493 sua
216 473 282 492 decora
293 479 313 493 ac
322 473 401 497 praemia
411 473 508 498 propofita.
539 474 649 494 Consultum

113 506 176 521 autem
188 501 222 521 ess‘e
235 501 347 522 iudicabitis,
365 501 383 520 id
396 502 448 526 quod
457 502 494 526 ipsa
502 508 531 521 res
540 503 580 521 satis
588 503 648 525 docet.

113 534 134 550 vt
145 531 168 550 ad
181 530 297 555 scriptionem
310 529 328 549 se
341 535 380 549 non
392 530 489 555 accingant
500 530 533 549 nifl
547 531 579 556 qui
590 532 610 551 in
621 532 648 551 di-

112 559 229 584 sciplinarum
250 558 343 578 curriculo
365 558 480 583 aliquantum
497 558 550 584 spatii
562 560 600 579 iam
614 560 649 580 fint

110 588 186 607 -emenfi-

169 643 268 663 Cui-abitur
278 649 335 669 porro
347 650 358 663 a
370 644 433 666 vobis,
451 650 476 664 ne
485 646 618 665 commentatio
627 646 648 665 fit

109 676 144 692 -aut
157 672 226 695 foedis,
249 672 341 697 perplexis
357 675 376 692 et
390 672 470 692 molestis
485 673 569 693 ductibus
581 675 648 694 obscu-
673 676 675 689 l

112 704 160 724 ratu
175 705 206 720 aut
217 701 271 720 nimis
284 701 382 726 protracta,
397 701 469 726 prolixa
479 707 500 721 ac
508 702 594 726 verbosa;
608 703 648 728 spe-

110 729 147 753 ,stat
154 730 208 749 etiam
216 729 238 748 ad
246 729 301 754 ipsam
310 729 427 748 subtilitatem
438 729 512 749 dicendi
521 736 542 750 ae
549 731 646 753 scribendi.

108 758 172 778 -multo
190 758 249 783 inagis
266 757 319 782 super
335 761 445 782 argumento
458 764 468 777 e
479 758 573 783 disciplina
586 759 649 785 aliqua

111 787 181 812 petito,
202 790 222 805 vt
234 792 273 805 non
286 785 320 805 nisi
333 791 380 811 quae
392 786 415 805 ad
428 792 467 805 rem
481 787 608 807 declarandam
621 788 648 807 fa-

112 816 171 837 ciant,
200 818 326 840 apponantur,
353 818 436 834 oratione
453 815 528 840 quidem
544 816 644 841 perspicua,

110 843 174 869 plana,
197 843 250 865 tersa,
272 840 356 866 venusta;
376 843 432 862 nullis
443 844 544 863 verborum
554 845 646 864 cincinnis

110 872 155 892 fuco
167 875 185 891 et
197 871 302 891 calamistris
314 871 409 894 adhibitis.
426 872 498 897 quippe
510 878 557 897 quae
570 879 581 892 a
594 879 614 893 re
628 878 647 893 et

110 900 187 920 confilio
199 900 258 920 aliena
270 900 316 919 sunt.

167 954 258 975 Oratione
274 955 300 974 vti
314 954 378 974 licebit
392 954 427 974 alia
443 954 494 974 nulla
504 960 560 980 quam
569 954 645 981 Latina

110 983 144 1003 niss
156 984 186 1003 cui
197 984 273 1003 libuerit
284 982 353 1002 Graeca
363 984 397 1006 vti;
415 984 512 1003 vernacula
522 984 594 1004 exclusa
606 985 644 1005 esto

109 1013 180 1031 omnis:
201 1011 239 1031 hoe
255 1011 335 1037 expresse
348 1017 372 1031 ex
385 1011 443 1037 Regia
452 1012 557 1032 austeritate
568 1018 579 1032 a
589 1014 645 1033 nobis

109 1041 244 1067 pronuntiatur.
280 1039 317 1059 Etfi
337 1040 386 1059 enim
402 1041 496 1060 neminem
509 1040 563 1062 latet.
586 1047 644 1067 quam

108 1069 168 1089 muita
185 1069 234 1088 buna
248 1068 271 1088 ad
284 1068 387 1094 disciplinas
399 1069 518 1094 peruenerint
529 1075 553 1088 ex
565 1070 596 1089 vsu
608 1070 644 1089 lin.

109 1104 157 1123 guae
169 1097 277 1117 vernaculae
289 1098 308 1116 in
319 1103 349 1116 eas
358 1097 419 1117 illato:
436 1098 571 1122 ingemiscimus
581 1102 644 1118 tamen

109 1132 161 1146 nunc
177 1126 224 1146 clam
239 1126 338 1151 palamque
355 1131 420 1145 omnes
434 1129 453 1148 et
464 1132 497 1151 per
509 1126 582 1146 cuneias
598 1126 645 1146 Ger-

572 1162 644 1175 mamae
