2496 4936
149 614 204 688 26
539 607 825 686 ‘es-¹2.-

144 806 224 887 suas
250 809 448 909 opiniones
469 810 599 885 animis
623 808 845 901 euellerem,
875 807 1025 892 eun'dos
1041 817 1132 894 ritus
1150 825 1217 920 pa:

145 926 237 999 trios
262 923 471 1013 abolerent,
514 926 695 1000 maiorum
718 923 968 1005 autioritatem
990 927 1207 1024 desererent,

144 1036 307 1114 instituta
332 1041 526 1131 eierarent3
559 1037 657 1114 haud
673 1036 801 1138 paullo
817 1039 960 1118 facilius
976 1067 1039 1120 eae
1060 1045 1212 1144 religio-

143 1173 211 1227 nes
237 1153 276 1226 in
303 1154 447 1228 animos
471 1151 666 1228 hominum
693 1150 938 1231 illabebantur
959 1172 997 1234 et
1021 1157 1056 1234 le
1073 1159 1210 1239 infinu-

142 1265 274 1354 abant,
313 1287 424 1365 quana
445 1289 546 1342 nunc
566 1266 685 1341 nostra
708 1266 859 1344 sanator
874 1268 1036 1347 doctrina
1054 1286 1091 1348 et
1110 1277 1209 1351 inlli-

141 1379 260 1480 tuti0‚
286 1377 450 1466 asensu,
479 1381 651 1479 ingenio,
680 1381 888 1459 animorum
913 1386 967 1472 vi,
995 1384 1209 1486 intelligen-

140 1494 210 1582 tia,
247 1517 369 1582 more,
402 1491 483 1577 vsu,
516 1507 644 1569 natura
662 1492 755 1570 adeo
772 1517 812 1570 ac
828 1495 936 1572 coelo
953 1499 1203 1592 barbarorum,

141 1629 238 1707 quos
262 1606 426 1697 adimus,
464 1605 690 1701 alieniffima3
728 1631 775 1683 ex
801 1632 872 1708 qua
897 1608 1028 1712 siquid
1046 1626 1108 1690 aut
1123 1640 1206 1714 per.

139 1721 284 1821 cipiunt
308 1736 372 1797 aut
400 1723 577 1798 memoria
603 1722 764 1799 retinent
790 1724 952 1811 barbari,
989 1727 1097 1803 rudes
1122 1731 1204 1828 qui·

138 1834 224 1910 dem
244 1858 313 1911 nec
330 1834 409 1910 aliis
427 1836 564 1910 artibus
581 1858 622 1912 ac
644 1833 815 1913 dollrinis
832 1838 983 1927 imbuti,
1013 1840 1106 1916 nihil
1127 1848 1201 1922 lere

136 1947 237 2025 aliud
262 1949 300 2025 id
329 1945 397 2025 effe
428 1963 596 2048 apparet,
635 1971 747 2048 quam
766 1953 877 2027 ritum
901 1952 1061 2052 aliquem
1076 1953 1200 2054 super-

135 2061 310 2140 stitiosum
339 2086 424 2140 cum
449 2063 563 2162 prisca
589 2087 630 2139 ac
654 2065 769 2163 patria
789 2064 1039 2164 superstitione
1068 2070 1199 2147 conlu-

135 2174 225 2273 sum.
283 2173 413 2276 ltaque
436 2192 578 2254 mature
605 2178 774 2254 coaluere
794 2196 932 2256 veteres
952 2180 1036 2257 illae
1050 2182 1199 2281 religio·

135 2313 202 2368 nes
228 2315 314 2368 cum
338 2293 447 2368 nouis
475 2306 511 2366 et
531 2291 760 2381 aduentitiis‚
788 2292 867 2368 aliis
885 2317 931 2370 ex
946 2293 1003 2371 his
1025 2292 1206 2396 acceptis?

138 2404 218 2491 aliis
232 2405 358 2504 spretis
374 2429 416 2481 ac
432 2405 653 2504 posthabitis.
713 2404 761 2481 At
776 2410 912 2483 rituum
932 2408 1081 2507 illorum
1097 2411 1196 2487 caul-

132 2516 190 2605 sae
213 2536 372 2597 narratae
397 2543 417 2595 a
443 2521 642 2595 maioribus
666 2523 756 2596 mira
781 2522 951 2596 varietate
967 2523 1011 2598 ad
1030 2525 1193 2623 posteros

131 2649 395 2734 peruenerant:
425 2632 638 2710 coniuntlae
659 2658 742 2710 cum
759 2636 802 2708 iis
821 2641 1192 2715 commemorationes

131 2751 337 2836 maiorum,
383 2749 579 2845 gentisque
602 2770 644 2823 ac
671 2748 806 2844 stirpis,
845 2748 1035 2843 fortunae3
1075 2752 1191 2829 multa

131 2875 266 2951 aetate,
317 2860 431 2937 multa
453 2861 658 2939 multorum
681 2860 871 2940 iteratione
910 2886 951 2937 ac
981 2864 1190 2963 frequenta·

128 2979 251 3066 tione,
289 2974 410 3052 auilae
438 2998 567 3050 omnes
600 2977 638 3049 in
670 2977 785 3051 maius
812 2999 932 3051 rerum
957 2979 1187 3056 miraculum.

127 3086 291 3184 Extitere
307 3103 385 3166 tum
402 3103 518 3177 vates,
547 3091 611 3188 qui
629 3088 815 3186 religiosos
829 3088 897 3165 hos
914 3091 1074 3191 mythos,
1093 3095 1190 3170 varie

127 3206 299 3283 confusos
324 3225 364 3280 ac
390 3205 545 3290 mixtos,
577 3202 734 3279 fundum
750 3204 830 3279 suae
850 3208 1010 3302 poetices
1030 3222 1066 3281 et
1082 3231 1188 3306 argu·

126 3334 295 3397 mentum
324 3319 527 3395 carminum
555 3316 733 3406 facerent,
775 3321 894 3418 iisque
918 3320 1010 3395 adeo
1033 3320 1186 3396 suauita-

125 3448 228 3522 tem,
272 3433 510 3531 elegantiam,
556 3433 699 3528 eopiam
734 3433 1017 3530 varietatemque
1054 3436 1186 3511 miram

123 3546 364 3625 affunderene
438 3542 553 3622 Iidem
591 3557 688 3620 vates
719 3545 761 3620 iis
787 3547 910 3620 vixere
941 3549 1183 3645 temporibus,

123 3663 259 3762 quibus
278 3663 370 3736 vitae
386 3657 519 3758 priscae
536 3657 682 3755 vestigia
699 3659 856 3734 necdum
877 3662 1000 3734 omnia
1025 3683 1184 3737 euanue·

121 3791 221 3863 rant,
266 3771 518 3874 philosophiae
540 3786 662 3847 tamen
684 3772 905 3849 incunabula
935 3771 1055 3873 aliqua
1080 3789 1184 3854 erant

121 3890 336 3978 constituta,
381 3888 499 3964 sermo
528 3900 650 3961 autem
684 3885 852 3962 nondum
888 3885 933 3963 ad
953 3886 1182 3968 subtiliorem

119 4009 301 4082 rationem
319 3998 555 4101 compositus,
584 4012 750 4076 nontam
769 4000 852 4075 falla
871 3999 1047 4098 fingendi,
1069 4025 1181 4103 quam

120 4142 224 4208 vera,
261 4131 324 4195 aut
349 4140 418 4217 pro
438 4114 531 4188 veris
557 4128 722 4212 accepta,
754 4138 876 4191 rerum
906 4117 1181 4215 verborumque

118 4231 302 4332 figmentis
329 4227 552 4315 exornandi,
587 4227 772 4304 licentiam
797 4251 873 4304 non
900 4227 1014 4305 modo
1030 4232 1175 4329 praebe·

119 4347 198 4440 bat,
228 4348 412 4428 sedetiam
429 4343 646 4442 requirebat
707 4340 815 4436 Quae
833 4343 1081 4421 omnianullis
1100 4343 1176 4420 aliis

1020 4457 1176 4535 barbaria
