2580 4996
9 513 16 566 s

9 840 12 983 l
62 838 163 919 louiae
187 843 370 922 militum
393 863 589 919 numerum
608 840 835 942 duplicatum
853 843 980 926 darent
995 849 1129 948 stipen-

65 955 230 1056 diumque
266 960 310 1034 in
339 955 456 1033 millia
481 958 570 1031 aeris
599 953 684 1032 asses
706 954 890 1055 srngulos,
926 962 1128 1065 censusque

66 1074 258 1167 quotannis
289 1084 460 1170 ageretur
478 1069 671 1146 eformula
688 1092 708 1146 a
723 1067 902 1148 Romanis
920 1075 1129 1154 censoribus

9 1183 17 1271 'r
66 1183 132 1258 dara
155 1191 227 1282 p).
293 1181 374 1261 Pari
396 1183 509 1259 modo
528 1182 698 1259 coloniae
715 1185 916 1260 maritimae
939 1188 1130 1266 exhaustae

9 1359 10 1420 Ν
67 1296 158 1373 sociis
178 1300 224 1373 in
243 1294 369 1375 classes
388 1296 480 1373 datis
496 1295 622 1373 frustra
633 1298 859 1374 vacationem
873 1302 1058 1397 petierunt
1070 1302 1130 1399 q),·

67 1433 125 1486 nec
147 1415 301 1488 cacano
324 1410 475 1511 quidem
497 1433 517 1484 a
537 1409 716 1486 militibus
733 1410 861 1488 dandis
880 1435 900 1488 e
917 1412 1060 1512 legibus
1081 1415 1132 1491 sa·
1246 1487 1250 1496 .

68 1525 165 1600 mos
192 1528 389 1626 impetrata
410 1519 470 1622 r).
526 1519 711 1599 Praeclare
726 1522 816 1600 haec
836 1548 905 1625 pro
923 1529 1078 1628 imperio
1095 1541 1132 1606 et

69 1654 108 1711 ex
135 1641 233 1738 reip.
262 1640 358 1715 sorte
388 1638 625 1736 temporibus.
693 1633 752 1712 An
770 1661 859 1715 vero
881 1639 1009 1719 harum
1028 1643 1132 1720 colo-

9 1832 10 1851 ,
70 1751 212 1828 uiarum
239 1751 407 1829 conditio
423 1750 468 1827 ab
484 1751 557 1827 hoc
574 1749 661 1827 inde
680 1761 847 1850 tempore
864 1753 943 1831 satis
961 1755 1132 1856 prospera

70 1887 197 1965 resque
223 1866 396 1943 fiorentes
424 1864 579 1952 suerint,
605 1859 734 1940 Liuius
748 1869 954 1944 narratione
973 1869 1034 1946 sua
1052 1895 1132 1948 non

70 1977 208 2055 adiecit.
259 1977 425 2056 Tandem
440 1979 479 2053 in
498 1976 599 2053 bello
614 1975 737 2053 sociali
754 1977 984 2058 coloniarum
1000 2008 1133 2082 magna

71 2114 147 2190 pars
169 2092 341 2170 aduersus
353 2090 515 2170 Romam
532 2089 772 2189 conspirauit3
802 2092 899 2168 vnde
916 2097 1024 2171 etiam
1043 2099 1133 2173 ciui·

71 2218 120 2280 tas
146 2202 251 2305 Lege
275 2204 369 2283 lulla
391 2205 507 2284 Sociis
529 2204 610 2279 data
625 2202 784 2280 coloniis
798 2206 1007 2298 nonnullis,
1038 2231 1132 2310 quae

72 2342 158 2394 mox
176 2324 275 2396 inter
290 2321 488 2419 municipia
506 2316 719 2406 censentur,
747 2318 928 2417 impertita
949 2318 1017 2398 esse
1034 2325 1135 2403 vide·

72 2445 146 2527 tur;
181 2458 254 2532 qua
276 2433 427 2533 q‘uidem
446 2432 529 2532 lege
548 2443 645 2506 tanta
668 2429 863 2508 hominum
879 2437 999 2511 omnis
1020 2461 1133 2536 geue-

73 2548 118 2622 ris
147 2547 313 2624 colluuie
337 2551 378 2623 in
399 2549 586 2624 ciuitatem
607 2556 751 2642 recepta
770 2542 946 2645 suffragiis
964 2554 1134 2629 comitio·

73 2674 150 2735 rum
177 2661 351 2752 turbatis,
390 2675 431 2738 vt
460 2682 555 2760 resp.
580 2657 708 2759 paullo
728 2658 810 2758 post
832 2658 918 2737 ellet
931 2664 1052 2755 nulla,
1083 2665 1134 2745 est

74 2771 250 2850 essedum.
1033 2814 1036 2818 ·

184 2993 370 3072 Miremur
384 2994 519 3093 itaque,
545 2994 612 3093 qui
625 2997 770 3089 volunt,
797 2997 1015 3098 praeclaram
1030 2990 1134 3078 illam

74 3104 327 3187 Romanorum
353 3108 584 3206 prudentiam
600 3109 640 3187 in
656 3113 825 3212 regendis
844 3126 880 3189 et
901 3114 938 3187 in
957 3111 1135 3212 obsequio

74 3221 273 3298 retinendis
296 3220 464 3297 coloniis.
533 3218 688 3302 Praestat
704 3227 900 3322 diligenter
915 3225 1056 3314 videre,
1088 3251 1135 3304 ne

75 3360 129 3412 res
155 3337 195 3410 in
220 3359 305 3411 eum
327 3334 455 3411 locum
470 3333 717 3428 adducantur,
750 3340 810 3414 vbi
826 3338 930 3436 regni
945 3335 1059 3417 caussa
1077 3341 1134 3417 ius

74 3447 289 3526 violandum
313 3448 372 3524 est.
435 3445 513 3524 Vbi
535 3447 646 3529 semel
671 3454 707 3528 vi
721 3467 757 3528 et
773 3453 928 3549 imperio
948 3476 1054 3552 agere
1072 3467 1135 3532 aut

73 3563 161 3641 licet
182 3578 244 3639 aut
268 3562 392 3648 lubet,
430 3562 600 3660 expedita
625 3564 708 3642 sunt
734 3565 892 3643 consilia.
934 3564 1016 3643 Nec
1031 3570 1136 3667 quic-

73 3701 186 3778 quam
211 3673 319 3753 inesse
345 3672 468 3751 videas
501 3668 604 3774 q'uod
634 3703 803 3777 magnam
832 3681 1064 3757 mirationem
1083 3681 1136 3758 sa.

74 3815 158 3869 cere
187 3789 311 3891 possit,
349 3788 464 3865 modo
495 3791 654 3883 viribus,
684 3794 819 3892 copiis,
850 3793 1004 3892 opibus,
1034 3818 1137 3896 prae.

1004 3906 1135 4005 valeas,

136 4094 270 4176 Μὶν.
291 4093 417 4167 XXIX,
443 4110 492 4171 15.
509 4092 660 4175 Stipendil
674 4092 744 4157 sane
760 4092 809 4158 seu
826 4093 934 4159 tributi
954 4091 1071 4159 summa
1084 4115 1138 4159 ce·

188 4179 262 4241 reris
293 4199 357 4239 ooo
384 4178 564 4258 respondem
598 4176 674 4242 esset
695 4177 728 4242 ln
750 4199 866 4246 nouum
882 4183 924 4258 ἐς
939 4178 973 4242 in
993 4189 1137 4250 centem,

187 4259 246 4324 Sed
262 4262 400 4324 laborant
415 4263 516 4326 verbu.

138 4372 182 4455 q)
202 4371 268 4436 [ἰν.
284 4371 438 4455 xxxvi,
454 4389 486 4453 3.

137 4484 180 4565 r)
200 4481 338 4564 xxvu,
351 4490 404 4562 38.
