2580 4996
348 645 630 713 Ξ
933 644 1015 747 '113

105 866 136 930 r,
161 841 268 944 quod
286 864 365 920 non
379 842 420 918 in
437 848 659 942 quacunque
672 838 742 920 alia
756 840 857 921 febre
872 845 1020 948 putrida

119 961 293 1059 potuerit.
559 974 562 979 ·
990 990 993 1001 ²
1015 992 1022 1007 2

105 1181 186 1275 [uod
211 1182 324 1281 igitur
348 1178 604 1270 asseueramus,
646 1179 733 1259 hoc
754 1180 824 1272 est,
875 1198 915 1261 vt
939 1208 1019 1268 non

107 1298 258 1384 tlemus,
294 1293 435 1371 nullam
459 1298 613 1372 omnino
640 1308 723 1372 ante
747 1295 845 1374 Saec.
864 1291 911 1373 ΙΙ.
936 1296 1016 1385 aC.

105 1433 174 1485 nae
197 1405 300 1486 fuisse
321 1408 581 1508 pestilentiam,
607 1431 735 1485 verum
754 1424 794 1484 vt
810 1410 1019 1507 statuamus,

105 1546 139 1598 ae
157 1522 254 1622 apud
271 1518 419 1599 Liuium
441 1520 606 1620 aliosque
625 1521 820 1620 leguntur,
851 1524 1021 1623 pestilen-

105 1639 205 1735 oprie
242 1634 353 1711 ditlae
390 1632 490 1734 ligna
521 1634 601 1710 satis
623 1652 718 1711 certa
745 1636 847 1713 nulla
869 1636 1018 1717 haberer

105 1753 168 1825 tirn
181 1751 415 1847 ignoramus,
449 1748 495 1824 de
512 1746 660 1824 saeculis
677 1747 815 1826 Romae
832 1753 1018 1850 prioribus

105 1866 145 1940 ris
178 1863 287 1939 rebus
312 1879 382 1938 nos
405 1863 494 1938 certi
518 1873 555 1938 et
577 1861 758 1960 explorati
780 1863 919 1963 aliquid
938 1877 1021 1943 non'

138 1974 272 2051 samam
298 1977 396 2051 enim
419 1974 609 2051 obscuram
633 1987 669 2050 et
682 1976 817 2051 exilem
835 2000 854 2051 a
872 1980 1020 2054 maiori-

105 2103 241 2188 septam
264 2087 393 2164 litteris
417 2085 677 2186 consignarunt
692 2092 801 2187 primi
822 2089 1022 2171 Annalium

105 2225 149 2276 cs
172 2226 192 2277 a
222 2201 376 2279 Saeculo
400 2201 486 2278 inde
512 2203 557 2276 ab
580 2199 625 2276 V.
644 2197 686 2277 C.
703 2201 826 2290 serm,
857 2215 894 2277 et
912 2205 1024 2280 variis

105 2338 124 2391 o
153 2317 310 2415 quisque
326 2318 478 2414 ingenio
495 2314 613 2390 nrodis
631 2312 897 2414 amplificarunt
916 2339 1024 2394 orna.

105 2452 141 2522 e;
175 2451 222 2504 ex
240 2431 282 2504 iis
298 2431 449 2527 arripuit
463 2452 523 2516 ea,
552 2451 646 2526 quae
665 2431 822 2504 maxime
837 2433 1022 2528 probaret,

105 2599 112 2629 ‚
144 2541 214 2617 alia
239 2538 459 2642 Dionysius,
485 2540 553 2617 alia
568 2537 803 2630 Plutarchus,
830 2543 932 2642 saepe
954 2542 1024 2620 dis-

105 2667 158 2731 ter
172 2655 206 2733 se
224 2670 261 2731 et
278 2654 522 2754 discrepantia,
541 2676 658 2752 eaque
674 2653 737 2730 suo
749 2677 904 2756 quasque
921 2681 1025 2734 more

105 2782 158 2844 rnt
182 2781 220 2844 et
243 2781 440 2858 ornarunt,
471 2782 510 2842 vt
528 2771 566 2843 in
585 2765 666 2866 ipsas
682 2766 774 2843 locis
793 2768 838 2845 de
863 2770 1023 2868 pellibus

105 2905 167 2967 jere
182 2882 277 2959 licet.
337 2879 454 2974 Quod
472 2878 498 2956 ir
518 2904 603 2957 vero
619 2904 683 2969 ea,
711 2904 805 2980 quae
820 2885 925 2985 aetati
940 2882 1025 2959 suae
1125 2968 1126 2973 Ν

105 3018 136 3072 ra
178 3008 297 3085 erant,
354 2997 509 3070 certiora
545 3009 581 3072 et
614 2993 859 3094 exploratiora
885 2997 1027 3072 tradere

105 3108 257 3185 evideri
279 3109 434 3185 debent:
473 3131 552 3183 non
580 3121 702 3183 tamen
730 3131 770 3183 ea
795 3122 942 3185 naturae
957 3110 1028 3184 rei·

105 3221 227 3298 editae
250 3222 313 3297 ista
336 3233 450 3297 aetate
478 3221 626 3319 vigebat
669 3223 820 3310 notitia,
858 3236 899 3296 rt
927 3232 1032 3298 mor-⁸

136 3334 356 3412 calamitates
379 3334 459 3410 satis
487 3334 682 3434 diligenter
709 3347 746 3408 et
774 3332 888 3433 presse
911 3347 1030 3435 expo.>

105 3444 228 3527 oisent
293 3443 366 3524 Etfi
386 3448 529 3548 itaque,
569 3449 748 3547 quoniam
763 3447 807 3524 ad
825 3447 1026 3545 religiones

107 3576 171 3636 ant
210 3562 427 3638 morborum
461 3564 686 3649 notationes,
735 3562 774 3635 in
806 3555 1035 3639 Pontificum

105 3698 159 3751 rus
187 3699 258 3753 vna
283 3698 369 3750 eum
392 3674 569 3772 prodigiis
596 3673 924 3773 prodigiorumque
944 3697 1035 3772 pros
1080 3765 1082 3769 ¹

105 3789 218 3865 nibus
239 3787 462 3888 pestilentiae
484 3802 648 3865 accurate
673 3784 744 3863 suis
773 3790 877 3864 annis
901 3786 1032 3864 adscri-

105 3925 159 3991 rr,
198 3925 276 3979 non
301 3915 425 3976 tamen
449 3901 627 4000 experiari
648 3912 812 3999 poterat,
841 3913 882 3975 vt
904 3899 950 3976 de
973 3924 1033 3977 ea-

105 4029 229 4104 atura‚
269 4027 354 4091 ortu
376 4036 418 4091 ac
443 4013 651 4112 progressu,
685 4011 825 4111 aliquid
849 4012 977 4090 diserte
995 4025 1033 4091 et

107 4127 187 4204 satis
214 4131 411 4208 memoriae
437 4125 678 4203 mandaretur.
738 4121 822 4203 Hoe
842 4127 940 4202 enim
959 4139 1035 4206 erat

125 4241 228 4340 quod
250 4243 504 4340 antiquitatem
525 4243 681 4316 onnrino
701 4238 746 4314 ab
765 4237 951 4316 subtiliore
970 4251 1044 4315 naz

139 4356 306 4455 adeoque
330 4366 367 4429 et
392 4353 609 4429 morborum
645 4353 861 4451 cognitione
885 4373 1038 4445 reuoca,
1105 4384 1109 4388 »

105 4485 263 4572 niiopusc.
280 4484 366 4552 acad.
384 4481 453 4552 Vol.
465 4480 535 4548 sss.
648 4461 687 4543 H
983 4464 1037 4541 vit
