2496 4936
94 771 561 874 atloneeopapltfiantun
594 776 757 874 iungant
778 788 901 870 tapam
928 790 971 856 ot
992 802 1166 886 οοοιιρρ.

33 890 36 895 ’
93 891 206 965 ritant
222 888 368 988 gaudia
390 903 430 965 et
450 887 583 977 ludos,
605 905 740 975 mutuo
757 892 853 970 inter
876 893 913 972 se
939 916 983 981 ac
1004 899 1168 995 naturali

92 1005 246 1101 impetu,
271 1002 407 1092 liberi,
440 1001 640 1082 familiares
659 1025 702 1093 ac
722 1006 896 1096 tribulet,
928 1006 1024 1086 forte
1051 1013 1168 1113 etita)

31 1129 36 1204 l
92 1130 261 1216 repetant
290 1140 359 1218 pet
388 1129 556 1199 cettaac
585 1115 666 1201 lixa
691 1131 883 1222 tempora,
929 1133 1058 1203 ortvt
1090 1125 1168 1223 felt

92 1229 196 1311 elue

201 1507 391 1590 Exsistunt
405 1525 528 1591 tamen
544 1509 668 1617 pamm
687 1514 836 1614 ingenia
856 1515 980 1602 minus
1001 1516 1102 1597 tarda
1126 1531 1168 1602 at

92 1625 219 1705 obtusa
236 1629 387 1713 ceteris,
414 1628 550 1729 quibus
565 1627 614 1703 de‘
629 1625 745 1704 catilla
762 1631 840 1704 eius
856 1632 927 1719 rei,
963 1653 1074 1730 quanr
1093 1634 1163 1708 nri-

31 1835 34 1846 ,
91 1756 241 1830 rantur,
268 1743 446 1841 cogitatio
467 1741 563 1817 forte
581 1741 703 1842 aliqua
720 1737 871 1835 incidit3
896 1755 933 1820 at
949 1768 990 1822 ea
1016 1746 1162 1843 prorlur

92 1855 211 1933 aliena
234 1878 256 1931 a
274 1855 398 1932 nolito
412 1878 536 1959 more,
566 1878 651 1931 nam
667 1877 912 1956 quaecunque
935 1861 1037 1934 'noua
1053 1876 1091 1934 et
1106 1862 1163 1934 in·¹

90 1968 196 2047 lolita
220 1970 274 2044 rei
298 1967 435 2071 species
471 1971 668 2064 obiicitur,
699 1972 780 2045 'aut
811 1960 977 2069 corporis
1009 1970 1167 2055 humani

91 2085 196 2162 r'nore
212 2085 373 2165 animata
389 2080 458 2160 eise
475 2084 654 2173 creditur,
684 2097 747 2165 aut
762 2078 897 2159 inbelle
924 2098 1074 2185 putatur
1100 2109 1165 2162 na·

91 2211 172 2274 tura
189 2196 315 2297 aliqua
332 2196 469 2274 inclusa
487 2213 524 2274 et
549 2197 691 2285 abdita,
729 2220 823 2297 quae
851 2215 976 2274 motus
1000 2198 1060 2274 vel
1086 2198 1164 2276 ior-

91 2336 194 2415 mae,
225 2314 383 2388 omnino
399 2310 589 2400 miraculi,
620 2306 876 2410 quodcunque
896 2312 1042 2398 tandem
1066 2311 1162 2389 sslucl

91 2425 152 2514 nt,
185 2421 304 2502 caulla
325 2438 363 2501 et
386 2425 593 2502 autiorlit:
636 2427 732 2502 hanc
754 2424 810 2499 illi
839 2428 1037 2515 mirantur,
1073 2427 1163 2504 huic

90 2539 297 2640 plaudunt,
338 2539 518 2628 clamant,
560 2538 762 2628 exsultant,
798 2553 837 2613 vt
870 2540 989 2616 solent
1018 2539 1160 2631 barbari

93 2658 208 2731 animi
238 2652 357 2731 sensus
385 2657 592 2754 exprimere
625 2675 880 2753 quoscunque.
951 2650 1046 2735 Orta
1071 2653 1162 2731 hinc

94 2771 226 2869 opinio
260 2768 467 2844 nostrorum
489 2768 705 2856 hominurn,
751 2788 824 2866 qua
852 2765 923 2858 fibi
944 2767 1161 2868 persuasere,

92 2885 181 2965 illos
203 2883 377 2960 barbaros
392 2885 591 2982 vnicuique
608 2883 660 2957 rei
680 2881 784 2958 suurn
804 2878 987 2972 Geniunr,
1025 2883 1163 2982 (Spiri-

94 3011 164 3075 ιιιιιι
190 2997 268 3074 fere
292 2995 506 3097 appellant)
532 3003 637 3073 luunr
666 2991 776 3070 inelle
801 2991 946 3085 Deum,
991 2997 1162 3096 credere,

95 3112 199 3214 quod
219 3110 310 3188 dum
326 3111 505 3198 facerent,
543 3106 791 3209 grauillrmurn
816 3132 977 3197 errorem
1007 3113 1162 3187 comnrl

94 3227 239 3313 lerunt,
268 3248 354 3303 corn
372 3224 432 3301 dei
451 3223 508 3300 vel
523 3224 669 3323 spiritus
685 3226 877 3309 notionem
901 3225 946 3299 iis
972 3219 1160 3313 affinxere,

95 3341 248 3443 qualern
266 3336 331 3438 ipli
357 3361 405 3415 ex
426 3338 560 3439 puerili
585 3337 832 3425 institutione,
865 3349 902 3412 et
925 3361 972 3426 ex
993 3338 1162 3438 philolo·

94 3456 206 3558 phica
229 3468 293 3529 aut
315 3452 525 3551 theologica
555 3454 833 3552 praeceptione,
872 3453 1060 3529 mentibus
1091 3453 1163 3527 cir·

95 3569 331 3647 comferrent.
390 3565 513 3644 Multa
536 3567 629 3642 adeo
644 3588 714 3664 pro
733 3565 802 3641 diis
829 3563 955 3641 haberi
974 3564 1089 3662 vulgo
1106 3563 1164 3643 illi

95 3689 221 3772 aiunt,
252 3704 366 3782 quae,
390 3695 431 3756 vt
445 3704 493 3757 ex
517 3680 678 3780 ipsorum
709 3679 978 3763 narrationibus
1003 3679 1163 3776 intelligi

94 3797 237 3900 potest,
271 3798 429 3874 barbaris
450 3818 529 3872 cara
546 3808 689 3880 tantum
714 3793 799 3870 lunt
824 3794 923 3889 etin
954 3794 1075 3891 pretio
1100 3794 1164 3870 ha·

91 3915 194 4001 bita,
223 3924 259 3986 et
277 3909 429 4008 lepofita
447 3908 542 3990 festis
563 3907 813 4003 sollennibus;
849 3907 889 3991 in
916 3906 1051 4005 quibus
1078 3929 1164 4005 pro·

94 4027 168 4104 lata
193 4049 232 4100 ea
256 4047 298 4100 ac
323 4023 508 4122 propolita
534 4021 728 4099 incondito
760 4020 922 4099 clamore
946 4033 986 4095 et
1007 4019 1163 4096 exsulta.

96 4145 202 4220 tione
218 4137 517 4240 prosequuntur,
548 4135 684 4212 laetitia
707 4135 751 4213 ad
778 4133 989 4231 vecordiam
1008 4135 1161 4232 abrepti.

93 4254 150 4339 lta
170 4252 302 4360 pallini
318 4251 443 4329 audias
459 4252 505 4328 ab
531 4247 758 4446 Amilanis
776 4247 958 4368 latratum
983 4246 1047 4331 seu
1069 4269 1164 4321 mar·

364 4396 366 4404 ·
464 4398 471 4409 ·
723 4386 742 4462 5
949 4407 952 4416 .
1066 4359 1162 4435 tium

1172 4654 1216 4728 Δ
