2580 4996
182 610 258 751 ,ιζ
571 657 851 715 Q

178 836 317 926 valeas,
346 832 373 915 ti
394 835 631 942 in‘obsequio
647 841 801 919 retineas
820 843 878 921 vel
895 846 1033 924 inuitos
1048 873 1132 940 eos,
1162 853 1240 950 qui,

177 973 257 1052 quo
281 950 316 1027 se
339 963 529 1042 tueantur,
581 978 657 1030 non
682 954 828 1032 habent.
904 957 1084 1039 Miramur
1117 977 1241 1046 tamen

176 1064 294 1164 vulgo
311 1087 439 1142 omnes
451 1093 526 1157 eos,
546 1071 679 1166 quibus
696 1071 850 1146 maiores
866 1075 958 1148 vires
974 1089 1011 1151 et
1029 1078 1150 1174 copias
1166 1077 1242 1153 lor.

176 1194 267 1258 tuna
288 1182 475 1283 praebuit3
516 1178 600 1259 ellet
618 1180 741 1258 saltem
760 1184 979 1277 videndum,
1004 1211 1048 1264 an
1066 1214 1151 1267 cum
1167 1191 1241 1269 istis

177 1299 331 1395 opibus,
377 1320 471 1396 quae
502 1294 718 1395 suppetunt,
772 1313 835 1373 aut
863 1301 975 1375 virtus
997 1300 1085 1378 adlit
1109 1307 1239 1394 maior,

176 1424 242 1489 aut
268 1414 384 1516 malon
406 1409 597 1510 prudentia
615 1409 661 1484 ad
682 1410 886 1507 arripienda
906 1435 966 1501 ea,
995 1437 1088 1513 quae
1104 1418 1239 1504 idonea

176 1524 336 1609 consiliis
365 1522 427 1603 seu
453 1537 599 1624 tempus
625 1520 687 1601 seu
713 1525 807 1602 ratio
832 1524 893 1602 seu
917 1526 1092 1606 calliditas
1109 1529 1238 1613 afferre

173 1639 302 1740 potest.

289 1799 336 1883 Et
357 1803 446 1880 haec
462 1804 613 1905 quidem
629 1802 816 1902 praefandi
837 1803 962 1892 caulla,
989 1821 1028 1883 vt
1043 1832 1126 1884 mos
1145 1807 1238 1885 lere-

175 1917 249 1995 bats
313 1913 589 2017 Properandunr
618 1917 667 1993 est
701 1917 745 1992 ad
775 1918 832 2005 id,
875 1923 977 1996 cuius
1003 1920 1118 1998 caulla
1145 1921 1238 1999 haec

173 2032 325 2132 praefati
340 2031 471 2113 sumus.
532 2029 696 2107 Crastino
713 2029 791 2120 die,
822 2028 907 2108 Iulii
924 2031 968 2109 ll.
988 2034 1139 2133 insignia
1154 2034 1238 2112 Ma·

172 2146 338 2243 gillratus
365 2145 590 2233 Academici,
628 2166 722 2244 quae
747 2168 813 2244 per
837 2161 955 2222 tutum
978 2147 1079 2225 hunc
1098 2173 1238 2226 annum

172 2261 214 2337 in
238 2260 351 2338 domo
375 2263 471 2350 eius,
500 2262 604 2338 cuius
620 2282 757 2334 nomen
773 2257 860 2335 huic
884 2265 1037 2358 paginae
1066 2263 1237 2362 praescri·

173 2388 280 2475 ptum
299 2376 366 2463 est,
390 2375 510 2464 fuere,
541 2373 804 2450 transferentur
825 2372 869 2448 ad
888 2373 1018 2452 Virum
1034 2374 1236 2479 Experiun-

170 2486 362 2577 tillimum‚
388 2484 582 2588 Collegam
598 2484 936 2573 coniuntlillrnaum

367 2650 444 2735 10.
475 2649 653 2767 auur.
686 2649 943 2731 uvaunr
984 2651 1034 2732 u.

170 2822 273 2923 quod
297 2846 381 2898 cum
402 2834 439 2897 et
459 2842 561 2895 nunc
585 2843 793 2919 precamur,
825 2836 864 2897 vt
881 2825 967 2923 reip.
986 2823 1126 2898 nostrae
1143 2821 1234 2902 felix

169 2937 400 3035 faustumque
422 2933 483 3021 sit,
523 2947 602 3010 tum
619 2935 656 3008 in
672 2933 754 3033 ipsu
772 2940 934 3027 muneris
954 2935 1117 3034 auspiciis
1135 2937 1232 3014 bona

169 3066 255 3126 vota
278 3064 314 3125 et
328 3052 451 3126 omina
470 3049 660 3148 conceptis
675 3046 977 3148 sollennibusque
998 3051 1117 3125 verbis
1137 3075 1234 3126 nun-

168 3164 413 3264 cupabuntur.
479 3158 649 3238 Ducetur
670 3183 806 3260 pompa
827 3164 980 3239 crastino
995 3163 1054 3240 die
1070 3163 1106 3240 h.
1127 3188 1161 3239 x.
1186 3163 1231 3241 ad

166 3277 348 3377 templum
375 3277 642 3360 academicum,
672 3278 804 3358 cuive,
835 3277 987 3353 studiosa
1009 3293 1045 3352 et
1062 3279 1172 3353 nostri
1195 3291 1232 3354 et

164 3391 368 3469 litterarum
391 3388 569 3469 quentus
587 3387 854 3479 florentisfima,
885 3388 999 3466 adelle
1019 3389 1136 3465 velitis
1160 3390 1231 3466 lre·

166 3519 341 3603 quentes,
401 3499 554 3603 publico
605 3503 824 3601 priuatoque
861 3506 1012 3578 nomine
1043 3526 1226 3600 rogamus.

163 3616 250 3698 Hoc
267 3618 458 3714 igiturest,
489 3613 652 3692 Comites
668 3616 701 3693 S.
718 3613 762 3693 R.
779 3615 807 3692 l.
826 3614 1068 3703 liturnum,
1106 3614 1230 3692 Gene-

164 3729 327 3812 rofiffimi
342 3747 379 3808 et
394 3727 617 3810 Nobiliffimi
632 3725 752 3817 Ciues,
772 3730 896 3827 quod,
915 3729 938 3805 si
955 3754 974 3804 a
992 3731 1096 3804 vobis
1113 3730 1229 3829 impe·

164 3849 401 3933 trauerimus,
442 3845 557 3922 amori
585 3843 702 3921 veltro
722 3855 758 3918 et
775 3843 1053 3919 beneuolentiae
1071 3845 1242 3944 imputa„

164 3974 245 4041 tum
259 3959 485 4038 habebimus.
545 3954 800 4037 PP.Kal.1ul.
822 3955 1112 4035 clslsccnxxxn
1246 3948 1251 3959 ‘¹

456 4217 936 4246 m
