2580 5086
142 649 231 757 '404
533 661 819 720 m
1261 702 1263 746 Ε

143 849 191 931 ad
206 845 386 948 templum
400 842 648 926 academicum
665 856 740 922 tam
755 841 940 934 illustris,·
962 843 1164 946 splendida
1181 855 1214 923 et
1240 768 1263 927 ll

143 960 356 1061 magnifica,
396 959 543 1061 qualem
565 954 728 1057 Georgia
741 956 899 1056 Augusta
919 959 1104 1036 nondum
1123 959 1212 1035 vide·
1245 960 1246 965 ‘

145 1079 195 1158 rit
222 1074 343 1152 vllam.
401 1072 447 1153 ln
469 1084 568 1149 tanta
582 1073 759 1172 panegyri
780 1070 889 1147 faciet
912 1073 1086 1170 primunr
1110 1074 1210 1149 verba

146 1187 300 1292 publico
336 1185 429 1265 iuliu
463 1180 574 1263 Can.
607 1181 787 1262 Gorrr.
825 1180 1026 1270 Herna.
1078 1182 1207 1286 Eloqu'
1255 1262 1263 1283 4

146 1300 245 1382 Prof.
271 1305 337 1403 qui
354 1301 515 1378 muneris
536 1298 590 1376 sui
617 1295 815 1375 academici
836 1293 1000 1375 {ruitum
1020 1297 1210 1376 laetiorem

148 1440 191 1494 ac
222 1411 555 1492 memorabiliorem
577 1433 769 1511 nunquam
794 1406 829 1488 se
858 1406 978 1487 tulisse
1003 1410 1206 1512 profitetur.

147 1526 259 1606 Votis
286 1526 434 1628 publice
454 1524 629 1604 faciendis
653 1525 860 1624 praemittet
884 1529 1135 1603 enarrationem
1166 1552 1208 1605 re·

149 1669 225 1722 rum
269 1638 521 1717 memorabilium
583 1639 792 1740 infigniorum
849 1647 881 1714 el
943 1640 1210 1717 incrementvm
1262 1728 1263 1731 Ἴ

156 1753 320 1851 Georgica
352 1751 523 1854 Augustae
543 1756 743 1851 potiorum,
798 1775 881 1851 quae
905 1749 981 1830 tede
1004 1751 1053 1830 ab
1081 1758 1211 1837 imaum

151 1865 235 1944 lulis
261 1868 341 1966 reip.
368 1870 495 1968 nostrae
515 1863 713 1943 academicae
739 1890 799 1965 per
827 1887 930 1941 ammos
961 1860 1047 1969 ficos
1068 1866 1206 1963 digeret:

151 1979 251 2060 vnde
278 1978 532 2080 intelligetur,·
586 2001 651 2078 per
681 2000 770 2079 quas
801 1977 971 2056 fortunae
1006 1982 1051 2056 in
1083 1996 1208 2057 utrana-

151 2116 230 2196 que
256 2103 396 2194 partem
426 2089 682 2171 viciffitudines
712 2091 777 2169 illa
809 2090 1051 2187 adoleuerit;¹
1088 2093 1209 2171 multia

155 2209 255 2286 enim
294 2206 358 2284 illa
397 2203 522 2283 iadata
554 2205 603 2282 est
637 2202 801 2296 cafibus,
873 2204 1001 2284 multis
1042 2205 1209 2286 fortunae

152 2319 328 2423 procellis
346 2342 388 2397 ac
404 2318 692 2419 tempestatibus:
731 2317 788 2398 Sic
802 2319 906 2420 sortis
923 2318 1074 2398 Etruria
1094 2322 1210 2399 amit!
1262 2363 1263 2366 κ

153 2435 331 2512 nolumus
357 2433 456 2510 enim
481 2430 633 2521 addere,
666 2456 714 2510 ne
729 2431 856 2532 paullo
873 2430 1061 2510 indantius
1079 2433 1209 2513 didon

84 2583 89 2593 ·
156 2539 227 2624 effe
250 2546 431 2623 videatur:
470 2542 596 2623 Scilicet
623 2556 654 2622 et
677 2572 784 2623 rerum
803 2543 901 2646 sada
931 2547 1212 2650 estpuleluemima

154 2660 279 2738 Roma.
338 2653 585 2735 Conferentur
599 2658 769 2757 posthaec
785 2659 831 2736 ab
843 2656 1059 2738 Academiae
1073 2663 1212 2740 nostrae

157 2767 363 2852 Ordinibus
387 2768 517 2847 summi
539 2773 717 2869 cuiusque
732 2768 886 2850 Ordinis
902 2771 1067 2851 honores
1081 2770 1213 2852 Candi-

158 2885 251 2963 datis
280 2883 424 2985 aliquot
446 2879 668 2983 digniiiimis.
725 2879 852 2983 Eriget
875 2888 1016 2977 animos
1036 2908 1214 2990 auresque

159 2995 374 3078 Contentus
397 2995 574 3087 muficus,
624 2999 783 3076 carmine
804 2997 921 3077 latino
935 2998 1074 3096 lyrico,
1113 2999 1214 3103 quod

164 3111 388 3215 (liristopliori
415 3109 582 3188 Guilielmi
602 3109 837 3215 Mitsclr'erlitla,
885 3109 923 3191 P.
950 3110 989 3190 Ρ.
1022 3116 1217 3214 ingenium

157 3226 251 3303 felix
276 3225 390 3314 fudit,
441 3221 676 3325 aRudorfio,
724 3224 854 3325 templi
883 3225 1080 3304 academici
1103 3226 1215 3305 sacrat

157 3337 393 3440 symphonias
414 3349 583 3427 curante,
623 3335 667 3414 ad
682 3338 814 3416 modos
832 3339 916 3418 suos
929 3338 1086 3419 redaiio.
1144 3337 1217 3419 Ex·

157 3452 247 3529 inde
261 3442 411 3529 habebit
427 3450 551 3529 locum
566 3449 660 3527 illud
674 3449 938 3550 Virgilianum:
953 3472 961 3480 ·

271 3565 374 3642 Nunc
394 3564 494 3649 adeo,
526 3564 639 3642 melior
657 3569 808 3662 quoniam
823 3592 905 3665 porr
924 3561 999 3643 ada
1014 3566 1090 3656 diei.

279 3675 381 3778 Quod
399 3678 563 3780 superest,
595 3673 673 3754 laeti
699 3675 774 3756 lene
795 3683 888 3782 gestis
908 3707 1051 3780 corpora
1069 3676 1167 3759 rebrat

271 3779 474 3877 Procurute,
504 3794 586 3877 uiri,
625 3804 722 3890 atque
747 3791 858 3892 epulas
878 3795 1010 3896 sperate
1026 3798 1164 3895 parari.

157 3899 387 3983 Parabantur
410 3905 508 3981 eninr
540 3903 669 4004 epulae
695 3905 802 3984 festae
827 3903 1042 4006 Hospitibus
1067 3908 1221 4002 nostris3

161 4017 259 4091 inter
288 4037 380 4116 quas
403 4041 422 4093 a
447 4016 692 4094 florentilfrma
721 4019 840 4095 nostra
869 4016 1067 4097 quentate
1091 4021 1223 4099 acade-

159 4130 287 4232 mica.¹
321 4128 411 4206 festo
436 4153 477 4205 ac
504 4129 661 4208 follenni
683 4145 856 4234 apparatu
879 4155 1015 4232 pompa
1035 4136 1076 4210 in
1095 4132 1222 4212 forum

162 4237 334 4331 dedufia,
378 4257 505 4320 cantus
530 4244 757 4323 curabuntur
770 4244 1030 4345 symphoniaci.
1089 4245 1224 4328 Tertio

163 4375 286 4457 eoque
309 4353 439 4459 ultimo
454 4353 677 4440 sollemnium
692 4358 752 4439 die
767 4363 1018 4463 primomane
1039 4373 1080 4438 rt
1095 4357 1223 4451 officio

1154 4474 1222 4554 suo
