2580 4996
358 656 361 663 ’
446 654 730 714 ·..-...·-..-...··-
1069 635 1124 734 83'

59 839 188 942 potest3
222 838 275 915 ita
298 834 454 914 utlaius
479 837 729 936 metropoleos
756 837 912 929 summa,
942 835 1008 915 nisr
1025 835 1122 915 forte

60 958 183 1043 rniea,
219 952 284 1028 lex
306 949 369 1041 srt,
402 952 460 1027 cui
482 953 687 1030 concedant
704 963 740 1027 et
760 953 820 1030 seu
839 951 1120 1052 posthabeamur

58 1067 112 1145 leu
136 1065 403 1144 condonentur
421 1078 458 1139 et
471 1062 685 1141 addicantur
702 1080 820 1141 cetera
838 1067 980 1156 omnia;
1007 1079 1121 1163 utque

59 1204 260 1280 poenarum
300 1194 338 1253 et
372 1176 634 1277 suppliciorum
670 1193 773 1254 metu
797 1178 1057 1265 retundantur,
1094 1176 1142 1282 li⁸

60 1293 213 1370 mturali
238 1291 414 1368 libertatis
435 1288 536 1366 sensu
555 1289 662 1369 eretli
677 1290 747 1368 suis
766 1293 873 1368 rebus
897 1304 934 1366 et
950 1289 1015 1389 ipfi
1031 1312 1122 1366 con·

61 1406 172 1482 lulere
198 1405 355 1489 audent,
381 1406 445 1504 qui
459 1406 617 1502 imperio
634 1427 680 1479 ex
703 1403 786 1504 lege
803 1427 948 1504 parere,
978 1426 1055 1480 non
1074 1403 1121 1482 ad

62 1519 183 1595 vltima
208 1518 390 1595 seruitutis
407 1516 563 1593 ludibria
583 1517 740 1617 deprimi
758 1518 902 1596 volunt.
960 1514 1122 1595 Romani

65 1635 208 1732 quidem
240 1631 390 1707 alteram
419 1629 515 1706 hanc
540 1633 634 1706 viam
661 1629 803 1728 ingreffi
829 1631 928 1722 sunt,
960 1645 997 1707 et
1017 1630 1121 1708 colo·

65 1749 135 1823 nias
155 1747 244 1821 iuris
268 1743 486 1842 aequalitate
512 1745 669 1842 priuatas
692 1758 729 1820 et
751 1745 796 1821 ad
816 1748 1024 1844 parentium
1041 1745 1138 1821 .ob·'

66 1858 179 1959 lequia
202 1856 360 1933 redarios
385 1853 455 1932 fide
480 1855 525 1931 ad
542 1856 715 1955 speciem,
744 1875 807 1934 aut
824 1870 863 1934 vt
877 1881 1004 1935 verum
1022 1860 1120 1937 dica-

64 1996 161 2064 mus,
181 1985 284 2049 metu
313 1971 502 2046 continere
518 1969 689 2046 maluere.

168 2195 316 2275 Scilicet
336 2196 392 2271 ius
421 2197 578 2273 ciuitatis
606 2195 719 2272 verbo
743 2194 895 2298 quidem
912 2220 953 2273 ac
970 2199 1130 2291 nomine¹

58 2313 265 2390 retinebant
284 2310 470 2398 coloniae,
500 2332 539 2384 re
555 2311 788 2397 amittebant,
816 2309 939 2387 saltem
958 2334 1034 2387 non
1053 2314 1119 2393 nist

57 2425 262 2504 admodum
286 2426 521 2499 imminutum
540 2423 732 2499 habebant.
791 2422 887 2500 Nam
903 2427 982 2500 iure
996 2425 1120 2505 suffra·

56 2543 109 2640 gii
134 2541 174 2613 in
207 2538 295 2612 vrbe
319 2535 459 2612 serendi
484 2535 702 2611 excidebant
719 2539 835 2636 quiin
854 2537 1041 2615 coloniam
1058 2540 1120 2618 de-

55 2649 266 2731 ducendam
292 2649 459 2748 adscripti
490 2662 592 2748 erant
628 2653 727 2728 ciues
752 2648 929 2727 Romani:
973 2676 1042 2728 nec
1074 2656 1119 2731 iis

55 2765 186 2847 census
210 2762 351 2840 Romae
375 2777 469 2849 erat,
505 2761 773 2838 nechonorum
791 2765 1034 2862 petendorum
1050 2771 1119 2860 ius,
1217 2859 1219 2863 ,

53 2879 122 2960 nifi
148 2882 189 2955 in
220 2877 376 2954 colonia.
448 2872 601 2952 Tributa
633 2878 904 2974 imperabantur
928 2902 946 2953 a
971 2880 1119 2972 Senatu,

54 3009 98 3079 vt
126 3010 165 3070 et
190 2989 342 3078 milites,
375 3002 412 3065 et
429 2991 467 3064 in
484 2987 640 3064 coloniis
660 2991 847 3066 maritimis
866 2993 994 3090 copiae
1012 3018 1121 3070 naua-

56 3108 121 3186 les.
201 3101 282 3179 Nec
305 3100 387 3201 ipsis
415 3124 511 3177 arma
532 3099 671 3176 {llorere
699 3101 850 3191 licebat,
888 3127 935 3177 ne
957 3104 1120 3184 lacellrtis

57 3217 212 3324 quidem
235 3216 357 3292 hostili
378 3218 529 3314 impetu.
596 3213 643 3290 At
658 3212 727 3289 suis
743 3217 851 3292 rebus
869 3214 933 3313 ipsi
950 3217 1124 3317 supereffe

59 3344 251 3436 poterant,
287 3329 389 3428 leges
405 3326 469 3404 libi
487 3341 523 3403 et
538 3328 616 3402 iura
635 3326 808 3418 scribere,
838 3328 906 3404 suis
925 3328 1066 3428 legibus
1085 3337 1125 3410 in

61 3461 243 3525 nocentes
263 3441 572 3532 animaduertere3
609 3441 723 3517 modo
740 3465 786 3517 ne
802 3441 971 3518 coloniae
988 3443 1050 3521 lex
1068 3448 1125 3521 in.

59 3557 275 3637 tercederet.
293 3562 328 3648 c)
368 3553 465 3631 Nam
481 3555 520 3629 in
539 3549 663 3643 SCto,
694 3554 754 3630 seu
772 3555 904 3654 populi
921 3554 1022 3654 lege,
1051 3583 1124 3658 qua

60 3671 312 3751 deducebatur
334 3668 508 3756 colonia,
570 3671 648 3743 eius
674 3666 909 3745 deducendae
933 3687 970 3745 et
994 3676 1127 3749 consti-

60 3784 224 3865 tuendae
240 3782 398 3860 lormula
413 3795 489 3858 etat
505 3779 699 3880 propofita.
749 3778 922 3860 Ceterum
940 3785 1127 3884 relinque.

624 3891 652 3970 F
683 3919 705 3970 a
795 3914 827 3955 ⁶
1020 3900 1127 3976 batur

131 4053 163 4137 c)
179 4052 264 4134 Ergo
283 4051 365 4137 quod
386 4047 497 4115 nolitis
518 4048 677 4114 vocabulis
707 4067 939 4132 nuncupamur,
966 4054 1016 4118 ires
1025 4056 1128 4139 publi.

182 4157 248 4202 cum
266 4138 421 4201 externum
446 4136 622 4202 ademtam.
655 4133 806 4199 intumum
827 4153 864 4195 ex
883 4148 967 4213 parte
985 4140 1127 4204 relrtlnru

75 4296 82 4303 ,
183 4241 253 4284 eum
268 4222 335 4285 iure
347 4218 666 4302 Quiritirtmpriuot03
689 4219 739 4279 len
754 4218 835 4299 quod
850 4218 886 4278 ed
903 4217 1010 4283 statum
1028 4223 1130 4300 priua.

184 4314 250 4366 turn
270 4304 438 4385 spettabat,
465 4302 629 4372 connubii,
658 4303 771 4383 patriae
791 4299 970 4377 potestatis,
1002 4305 1130 4386 gentili.

184 4391 255 4449 tatio
282 4396 315 4450 et
335 4385 530 4466 agnationir,
551 4382 683 4454 tutelae,
706 4383 835 4445 dominii
848 4381 1024 4462 Quiritem,
1046 4389 1131 4449 eius·

184 4488 244 4553 que
259 4468 454 4553 acquirendi,
478 4465 660 4532 hereditati·
677 4481 739 4531 ete.
