2580 4996
178 668 276 750 158:
566 667 851 731 “--“-““-“““...-.

170 847 287 954 pollet
308 839 373 950 a),
407 848 511 928 Sulla
541 851 650 928 rebus
668 875 762 932 cum
784 849 1003 930 Mithridate
1023 842 1241 954 compofitis

171 964 316 1046 Italiam
333 961 510 1064 ingrellus
531 964 582 1060 (a.
606 961 721 1063 672.)
739 989 825 1043 cum
844 963 980 1044 Italicis
997 970 1161 1068 populls,
1191 995 1242 1048 ne

171 1083 361 1163 timeretur
378 1080 423 1155 ab
441 1081 504 1166 iis,
533 1078 635 1155 velut
650 1093 841 1177 erepturus
857 1081 1044 1157 ciuitatem
1062 1098 1100 1159 et
1115 1082 1243 1161 suffra-

171 1196 225 1294 gii
244 1195 300 1269 ius
317 1216 436 1293 nuper
452 1191 596 1281 datum,
626 1191 757 1269 foedus
775 1191 944 1292 percuffit
960 1196 1049 1290 **).
1109 1194 1242 1296 Impli-

172 1320 251 1385 cata
272 1306 359 1383 inde
381 1308 518 1382 mutuis
545 1302 710 1382 cladibus
728 1306 817 1381 belli
833 1306 953 1382 ciuilis
974 1307 1094 1399 ltalia,
1123 1325 1160 1387 et
1175 1334 1243 1388 ex-

171 1421 295 1510 cidiis,
341 1418 627 1519 direptionibus,
663 1419 941 1509 vastatIonibus,
969 1421 1082 1500 deleti
1102 1421 1236 1515 Italici.

170 1534 233 1611 seu
259 1531 420 1609 vitirices
442 1531 503 1608 seu
529 1529 636 1606 vitias
659 1546 776 1630 partes
799 1529 912 1609 ellent
926 1533 1080 1634 sequuti.
1138 1536 1239 1618 Mox

172 1646 273 1725 Sulla
297 1645 410 1724 vitior
436 1644 571 1722 ademit
597 1643 783 1746 plerisque
807 1650 1016 1724 ciuitatibus
1048 1650 1239 1730 ciuitatem

173 1773 210 1838 et
228 1784 355 1860 agros,
375 1772 415 1836 vt
439 1758 589 1835 haberet
615 1780 712 1858 quos
742 1758 1143 1860 affignaretmilitibus3
1174 1765 1241 1843 de·

173 1874 300 1959 dutiae
331 1872 499 1952 coloniae
542 1872 715 1950 militares
745 1871 896 1952 XXIII.
925 1877 1045 1974 iisque
1078 1881 1156 1977 agri
1181 1879 1240 1956 di-

171 1987 245 2067 vilr.
328 1985 384 2064 Ita
420 1987 477 2062 ius
511 2009 681 2089 aequum.
701 1987 816 2065 Sociis
849 2004 1022 2086 negatum
1049 1991 1239 2071 excidium

171 2101 254 2203 ipsis
282 2116 320 2180 et
347 2099 604 2179 Romanorum
633 2099 792 2179 libertati
823 2101 928 2195 diem
947 2117 1155 2186 extremum
1183 2119 1238 2184 at-

169 2217 393 2317 tulit·***).

283 2465 391 2561 Quae
423 2464 543 2542 adhuc
575 2465 621 2543 de
647 2462 749 2542 bello
773 2463 906 2543 Sociali
930 2479 1070 2544 narrata
1097 2467 1180 2546 sunt
1206 2469 1235 2549 li

171 2584 254 2684 quis
270 2585 394 2658 animo
414 2591 575 2679 reputet,
601 2581 631 2656 is
646 2578 846 2677 intelliget,
872 2602 950 2656 non
969 2593 1045 2657 tam
1060 2582 1236 2661 dedecori

169 2720 283 2797 quam
331 2693 470 2793 gloriae
515 2708 551 2770 et
598 2691 699 2768 laudi
747 2688 928 2770 Britannis
972 2691 1059 2783 elle,
1129 2697 1235 2795 quod

171 2808 411 2887 Coloniarum
434 2808 624 2883 conatibus
641 2817 714 2880 tam
733 2805 797 2881 diu
819 2807 995 2897 restitere,
1026 2824 1062 2885 et
1077 2809 1234 2910 septimo

169 2925 320 3003 demum
356 2944 455 2999 anno
483 2915 686 2997 concellere
711 2918 766 3008 id,
812 2919 916 3019 quod
942 2918 1101 2998 Romani
1128 2937 1234 3002 tanto

168 3038 368 3117 maioribus
405 3035 537 3134 opibus
566 3032 725 3109 instruiii
751 3033 813 3107 vix
843 3036 882 3108 in
913 3037 1060 3111 tertium
1094 3060 1234 3116 annum

170 3151 348 3229 distulere.
425 3146 529 3241 Quid
553 3144 676 3224 euim?
719 3169 764 3221 an
790 3146 965 3244 postulari
988 3164 1148 3248 poterat,
1191 3165 1233 3229 vt

169 3290 255 3346 cum
278 3267 394 3364 prima
419 3261 537 3339 statim
566 3258 852 3359 compellatione
878 3260 924 3336 de
942 3262 1021 3338 iure
1043 3263 1106 3341 luo
1126 3263 1234 3341 dece·

170 3381 273 3462 deret
292 3373 509 3456 Britannus?
544 3386 598 3464 et,
626 3371 653 3449 ir
672 3373 790 3452 facere
811 3395 854 3450 ac
870 3397 1000 3453 manus
1016 3377 1124 3455 vitias
1141 3401 1234 3454 con·

449 3502 455 3517 ·
1034 3532 1035 3535 ¹
1077 3524 1079 3527 ·
1112 3491 1242 3570 sellim

225 3817 271 3900 u)
290 3813 344 3881 cst
366 3813 427 3878 hoc
452 3808 546 3887 rnna.
568 3809 653 3893 quoa
669 3809 802 3897 ripun.
819 3832 850 3897 p.
864 3816 936 3894 ως.
954 3811 1052 3895 rain
1067 3812 1161 3876 run
1179 3810 1231 3878 rr·

277 3896 819 4055 {instrumentum
833 3896 1048 3998 met
1062 3895 1231 3980 tiu·

227 4122 288 4204 ⁰⁹)
309 4119 377 4186 Lir.
391 4118 462 4202 epit.
482 4123 532 4191 86.
674 4184 676 4189 ,

225 4261 305 4341 au)
327 4259 410 4323 aene
430 4255 503 4322 rinc
524 4222 636 4322 vetur.
658 4254 703 4328 lt,
737 4271 794 4334 η..
836 4251 944 4322 rtrum
958 4251 1057 4325 terro,
1085 4272 1144 4337 quo
1159 4255 1229 4338 qur-

276 4342 342 4408 dem
366 4341 495 4407 Romani
517 4336 603 4402 uitiis
623 4337 811 4423 odflt'ffisqus
827 4337 881 4424 ipst
901 4341 1052 4400 examati
1065 4339 1159 4420 (tego
1173 4359 1228 4401 ex-

159 4430 160 4434 ’
272 4428 538 4576 3312).qu
557 4424 689 4507 integris
709 4420 854 4509 vniuusrr
876 4422 1026 4487 ciuitatem
1053 4419 1128 4487 dure
1148 4422 1228 4487 mat·
