2580 5004
39 817 214 898 Omnino
241 821 284 894 in
315 818 359 892 iis
384 815 510 909 bellis,
548 839 642 915 quae
667 839 753 896 cum
777 814 954 894 Romanis

39 946 122 1020 aut,
162 930 219 1006 vel
243 929 418 1009 Romanis
438 928 673 1028 scriptoribus
692 930 837 1006 testibus
852 929 959 1006 adli..

39 1047 151 1121 'oenoe
170 1042 291 1147 cauffo.
313 1045 460 1140 confilio.
472 1045 541 1142 fide
566 1070 605 1118 oc
629 1043 797 1137 reiigione,
806 1046 954 1145 superio·

39 1183 64 1246 3,
81 1158 146 1232 nili
163 1159 325 1258 fortuna,
350 1159 514 1256 inferiores
527 1150 623 1256 fuisse
637 1169 791 1255 apparet
851 1153 953 1241 Adeo

39 1273 131 1347 urias
150 1287 188 1346 et
210 1270 411 1370 superbiam
433 1266 688 1348 Romanorum
708 1269 887 1367 expetitae
909 1270 954 1343 ab

39 1407 202 1482 :poenae
223 1408 371 1472 eorum,
397 1406 490 1483 quae
507 1386 546 1458 in
563 1382 653 1458 alios
667 1381 840 1480 populos,
862 1403 957 1479 quos

39 1511 111 1572 atus
139 1499 332 1574 acerbitate
363 1511 601 1584 senuerant,
635 1490 819 1571 commilla
841 1494 886 1570 ab
903 1496 959 1573 liin

51 1610 111 1684 etsi
135 1633 205 1686 nec
236 1609 368 1686 horum
391 1609 620 1708 populorum
644 1610 809 1685 conditio
825 1609 861 1681 in
880 1631 957 1682 me·

39 1737 211 1816 :mutata;
238 1723 329 1798 nihil
351 1725 453 1797 enim
472 1719 535 1797 nisi
559 1746 673 1797 nouas
700 1719 955 1798 Romanorum

39 1861 51 1911 s
84 1836 163 1934 post
198 1851 335 1916 veteres
366 1835 445 1910 illas
469 1832 676 1912 Poenorum
704 1834 785 1908 sunt
814 1834 960 1910 lucratis

39 1974 77 2025 m
92 1973 156 2048 per
182 1950 306 2025 vltIma
333 1947 422 2027 haec
447 1963 612 2047 tempora
639 1948 731 2023 nihil
754 1947 799 2021 de
822 1971 957 2023 merca-

39 2064 286 2159 *nauigatione
305 2061 442 2149 allum,
473 2085 541 2138 nec
564 2064 609 2137 de
628 2061 720 2136 facio
747 2059 872 2158 aliquo
896 2060 958 2136 ad·
1059 2053 1060 2057 Ν
1225 2077 1240 2123 s'

54 2175 201 2252 foedera
224 2176 462 2274 conquestum
487 2177 730 2251 meminimus.

39 2341 240 2430 ldoremm,
283 2337 413 2429 Ciues,
455 2340 703 2417 venerabundi
730 2335 955 2417 numinisO.

39 2457 190 2543 entiam,
200 2454 325 2543 libere,
338 2454 395 2530 sed
413 2455 508 2530 haud
527 2456 637 2531 dubie
653 2453 809 2530 confiliis
822 2454 958 2554 sapien·

39 2595 42 2640 ;
57 2571 228 2667 iustisque
239 2593 321 2645 cunr
341 2567 482 2655 caullrs,
517 2593 582 2667 per
599 2571 833 2667 imperiorum
852 2585 888 2643 et
905 2590 960 2641 re-

39 2706 67 2756 n
87 2682 157 2756 fata
173 2679 403 2780 grassantem,
430 2697 467 2757 et
475 2706 542 2779 pro
553 2706 672 2758 rerum
691 2683 958 2781 hominumque

39 2819 46 2870 s
69 2795 114 2870 de
131 2818 257 2870 eorum
277 2808 360 2871 ortu
386 2809 422 2869 et
440 2796 566 2871 occasu
585 2796 806 2880 statuentem.
866 2795 959 2872 Sane

39 2933 61 2984 n
85 2933 153 2984 uos
176 2909 281 3009 talpis
305 2912 484 2984 caeciores
509 2909 726 2986 homunculi
757 2911 958 2988 arcellrmus

39 3048 44 3095 ι
69 3022 183 3097 modo
194 3025 238 3097 ab
256 3021 312 3096 his
329 3023 444 3098 modo
461 3023 594 3098 abaliis
605 3024 731 3099 rebus:
760 3047 829 3099 nec
845 3025 959 3120 male3

39 3159 76 3209 us
95 3150 216 3210 tamen
228 3135 354 3210 iisdem
371 3137 518 3223 artibus,
530 3137 756 3235 corruptelis,
769 3135 910 3234 flagitiis
925 3155 962 3218 et

39 3250 144 3336 ribus,
159 3251 290 3346 quibus
309 3249 371 3323 alii
390 3247 501 3323 euerfi
525 3249 678 3336 fuerant,
696 3250 785 3323 alios
801 3251 961 3350 populos

39 3387 77 3437 es
104 3360 268 3447 mouille,
286 3386 376 3460 opes
399 3364 622 3461 imperiaque
640 3359 789 3460 paralle;
806 3364 963 3444 aliorum

39 3474 158 3550 ni'uriis
187 3489 224 3551 et
248 3475 319 3575 ipsa
339 3477 494 3566 ruitura3
529 3478 754 3574 temporibus
780 3490 816 3550 et
847 3478 962 3556 fortu-

40 3591 136 3663 mnia
162 3588 310 3677 seruire,
365 3592 470 3663 etiam
505 3589 711 3687 sapientiam
753 3593 964 3683 mortalium

39 3703 216 3777 identiam.
273 3701 347 3779 Ser.
365 3699 566 3802 Gottingae
582 3704 615 3780 d.
634 3698 758 3796 XVII.
778 3703 960 3810 Septemb.

41 3838 213 3898 cccxxx,
