<?xml version="1.0" encoding="UTF-8"?>
<!DOCTYPE html PUBLIC "-//W3C//DTD XHTML 1.0 Transitional//EN"
    "http://www.w3.org/TR/xhtml1/DTD/xhtml1-transitional.dtd">
<html xmlns="http://www.w3.org/1999/xhtml" xml:lang="en" lang="en">
 <head>
  <title>
</title>
<meta http-equiv="Content-Type" content="text/html;charset=utf-8" />
  <meta name='ocr-system' content='tesseract 3.04.00' />
  <meta name='ocr-capabilities' content='ocr_page ocr_carea ocr_par ocr_line ocrx_word'/>
</head>
<body>
  <div class='ocr_page' id='page_1' title='image "./chrgheyniiprofe00heyngoog_0408.png"; bbox 0 0 2580 5086; ppageno 0'>
   <div class='ocr_carea' id='block_1_1' title="bbox 145 676 815 768">
    <p class='ocr_par' dir='ltr' id='par_1_1' title="bbox 145 676 815 768">
     <span class='ocr_line' id='line_1_1' title="bbox 145 676 815 768; baseline 0.001 -1"><span class='ocrx_word' id='word_1_1' title='bbox 145 686 225 768; x_wconf 78' lang='lat'>394</span> <span class='ocrx_word' id='word_1_2' title='bbox 531 676 815 741; x_wconf 34' lang='grc' dir='ltr'>ξ</span> 
     </span>
    </p>
   </div>
   <div class='ocr_carea' id='block_1_2' title="bbox 140 857 1237 1994">
    <p class='ocr_par' dir='ltr' id='par_1_2' title="bbox 140 857 1237 1994">
     <span class='ocr_line' id='line_1_2' title="bbox 140 857 1200 976; baseline 0.001 -30"><span class='ocrx_word' id='word_1_3' title='bbox 140 866 235 946; x_wconf 86' lang='lat' dir='ltr'>tioni</span> <span class='ocrx_word' id='word_1_4' title='bbox 250 862 399 943; x_wconf 76' lang='lat' dir='ltr'>acceffle</span> <span class='ocrx_word' id='word_1_5' title='bbox 419 885 421 894; x_wconf 89' lang='lat'>·</span> <span class='ocrx_word' id='word_1_6' title='bbox 457 857 639 964; x_wconf 77' lang='lat' dir='ltr'>Expedita</span> <span class='ocrx_word' id='word_1_7' title='bbox 651 862 739 940; x_wconf 90' lang='lat' dir='ltr'>hinc</span> <span class='ocrx_word' id='word_1_8' title='bbox 753 865 804 941; x_wconf 88' lang='lat' dir='ltr'>est</span> <span class='ocrx_word' id='word_1_9' title='bbox 819 887 896 944; x_wconf 89' lang='lat' dir='ltr'>nec</span> <span class='ocrx_word' id='word_1_10' title='bbox 912 862 1088 948; x_wconf 87' lang='lat' dir='ltr'>obscura</span> <span class='ocrx_word' id='word_1_11' title='bbox 1104 869 1200 976; x_wconf 69' lang='lat' dir='ltr'>B‘ss*</span> 
     </span>
     <span class='ocr_line' id='line_1_3' title="bbox 141 977 1201 1077; baseline -0.001 -15"><span class='ocrx_word' id='word_1_12' title='bbox 141 985 220 1062; x_wconf 78' lang='lat' dir='ltr'>rani</span> <span class='ocrx_word' id='word_1_13' title='bbox 241 984 334 1077; x_wconf 80' lang='lat' dir='ltr'>regni</span> <span class='ocrx_word' id='word_1_14' title='bbox 350 978 518 1070; x_wconf 82' lang='lat' dir='ltr'>historia,</span> <span class='ocrx_word' id='word_1_15' title='bbox 561 977 867 1077; x_wconf 87' lang='lat' dir='ltr'>quandoquidem</span> <span class='ocrx_word' id='word_1_16' title='bbox 895 978 1143 1063; x_wconf 82' lang='lat' dir='ltr'>Mithridatis</span> <span class='ocrx_word' id='word_1_17' title='bbox 1161 1004 1201 1061; x_wconf 81' lang='lat' dir='ltr'>er·</span> 
     </span>
     <span class='ocr_line' id='line_1_4' title="bbox 141 1091 1203 1192; baseline 0.003 -21"><span class='ocrx_word' id='word_1_18' title='bbox 141 1107 255 1173; x_wconf 86' lang='lat' dir='ltr'>trema</span> <span class='ocrx_word' id='word_1_19' title='bbox 280 1092 326 1170; x_wconf 88' lang='lat' dir='ltr'>ad</span> <span class='ocrx_word' id='word_1_20' title='bbox 351 1093 414 1169; x_wconf 92' lang='lat' dir='ltr'>ilia</span> <span class='ocrx_word' id='word_1_21' title='bbox 438 1091 612 1192; x_wconf 70' lang='lat' dir='ltr'>spectant,</span> <span class='ocrx_word' id='word_1_22' title='bbox 646 1104 684 1168; x_wconf 91' lang='lat' dir='ltr'>et</span> <span class='ocrx_word' id='word_1_23' title='bbox 701 1093 746 1167; x_wconf 90' lang='lat' dir='ltr'>ab</span> <span class='ocrx_word' id='word_1_24' title='bbox 767 1095 845 1170; x_wconf 81' lang='lat' dir='ltr'>eius</span> <span class='ocrx_word' id='word_1_25' title='bbox 864 1110 1002 1173; x_wconf 85' lang='lat' dir='ltr'>morte</span> <span class='ocrx_word' id='word_1_26' title='bbox 1022 1096 1203 1176; x_wconf 77' lang='lat' dir='ltr'>Pharnace</span> 
     </span>
     <span class='ocr_line' id='line_1_5' title="bbox 140 1204 1229 1309; baseline 0 -22"><span class='ocrx_word' id='word_1_27' title='bbox 140 1204 293 1309; x_wconf 83' lang='lat' dir='ltr'>Bospori</span> <span class='ocrx_word' id='word_1_28' title='bbox 320 1231 340 1282; x_wconf 87' lang='lat' dir='ltr'>a</span> <span class='ocrx_word' id='word_1_29' title='bbox 367 1204 545 1284; x_wconf 85' lang='lat' dir='ltr'>Romanis</span> <span class='ocrx_word' id='word_1_30' title='bbox 561 1227 628 1280; x_wconf 89' lang='lat' dir='ltr'>rex</span> <span class='ocrx_word' id='word_1_31' title='bbox 647 1204 864 1282; x_wconf 83' lang='lat' dir='ltr'>constitutus</span> <span class='ocrx_word' id='word_1_32' title='bbox 883 1231 1054 1288; x_wconf 88' lang='lat' dir='ltr'>omnem</span> <span class='ocrx_word' id='word_1_33' title='bbox 1077 1208 1204 1290; x_wconf 70' lang='lat' dir='ltr'>chene»</span> <span class='ocrx_word' id='word_1_34' title='bbox 1227 1217 1229 1233; x_wconf 16' lang='grc' dir='ltr'>ξ</span> 
     </span>
     <span class='ocr_line' id='line_1_6' title="bbox 141 1322 1204 1422; baseline 0.003 -23"><span class='ocrx_word' id='word_1_35' title='bbox 141 1325 267 1400; x_wconf 80' lang='lat' dir='ltr'>nesurn</span> <span class='ocrx_word' id='word_1_36' title='bbox 287 1323 423 1408; x_wconf 88' lang='lat' dir='ltr'>tenuit,</span> <span class='ocrx_word' id='word_1_37' title='bbox 456 1322 565 1418; x_wconf 86' lang='lat' dir='ltr'>eique</span> <span class='ocrx_word' id='word_1_38' title='bbox 582 1340 672 1394; x_wconf 85' lang='lat' dir='ltr'>mox</span> <span class='ocrx_word' id='word_1_39' title='bbox 689 1341 805 1417; x_wconf 87' lang='lat' dir='ltr'>regno</span> <span class='ocrx_word' id='word_1_40' title='bbox 816 1343 860 1397; x_wconf 89' lang='lat' dir='ltr'>ac</span> <span class='ocrx_word' id='word_1_41' title='bbox 875 1324 954 1397; x_wconf 85' lang='lat' dir='ltr'>vita</span> <span class='ocrx_word' id='word_1_42' title='bbox 971 1328 1134 1422; x_wconf 89' lang='lat' dir='ltr'>priuato</span> <span class='ocrx_word' id='word_1_43' title='bbox 1150 1324 1204 1401; x_wconf 75' lang='lat' dir='ltr'>sne</span> 
     </span>
     <span class='ocr_line' id='line_1_7' title="bbox 141 1430 1205 1540; baseline 0.001 -27"><span class='ocrx_word' id='word_1_44' title='bbox 141 1433 274 1513; x_wconf 82' lang='lat' dir='ltr'>cessere</span> <span class='ocrx_word' id='word_1_45' title='bbox 298 1457 365 1535; x_wconf 86' lang='lat' dir='ltr'>per</span> <span class='ocrx_word' id='word_1_46' title='bbox 386 1432 519 1511; x_wconf 83' lang='lat' dir='ltr'>multas</span> <span class='ocrx_word' id='word_1_47' title='bbox 537 1443 670 1508; x_wconf 88' lang='lat' dir='ltr'>aetates</span> <span class='ocrx_word' id='word_1_48' title='bbox 688 1432 808 1530; x_wconf 87' lang='lat' dir='ltr'>reguli</span> <span class='ocrx_word' id='word_1_49' title='bbox 831 1455 853 1509; x_wconf 91' lang='lat' dir='ltr'>a</span> <span class='ocrx_word' id='word_1_50' title='bbox 878 1430 1079 1516; x_wconf 85' lang='lat' dir='ltr'>Romanis</span> <span class='ocrx_word' id='word_1_51' title='bbox 1102 1436 1205 1540; x_wconf 81' lang='lat' dir='ltr'>eppei·</span> 
     </span>
     <span class='ocr_line' id='line_1_8' title="bbox 140 1545 1205 1649; baseline -0.001 -22"><span class='ocrx_word' id='word_1_52' title='bbox 140 1547 224 1639; x_wconf 82' lang='lat' dir='ltr'>lati,</span> <span class='ocrx_word' id='word_1_53' title='bbox 264 1569 424 1649; x_wconf 83' lang='lat' dir='ltr'>quorum</span> <span class='ocrx_word' id='word_1_54' title='bbox 451 1548 601 1623; x_wconf 85' lang='lat' dir='ltr'>nomina</span> <span class='ocrx_word' id='word_1_55' title='bbox 628 1567 714 1621; x_wconf 90' lang='lat' dir='ltr'>cum</span> <span class='ocrx_word' id='word_1_56' title='bbox 735 1568 782 1622; x_wconf 81' lang='lat' dir='ltr'>ex</span> <span class='ocrx_word' id='word_1_57' title='bbox 796 1545 958 1624; x_wconf 81' lang='lat' dir='ltr'>historiis</span> <span class='ocrx_word' id='word_1_58' title='bbox 978 1563 1069 1630; x_wconf 87' lang='lat' dir='ltr'>turn</span> <span class='ocrx_word' id='word_1_59' title='bbox 1092 1575 1141 1629; x_wconf 87' lang='lat' dir='ltr'>ex</span> <span class='ocrx_word' id='word_1_60' title='bbox 1157 1571 1205 1626; x_wconf 78' lang='lat' dir='ltr'>na</span> 
     </span>
     <span class='ocr_line' id='line_1_9' title="bbox 140 1657 1207 1759; baseline 0.001 -20"><span class='ocrx_word' id='word_1_61' title='bbox 140 1664 212 1741; x_wconf 82' lang='lat' dir='ltr'>mie</span> <span class='ocrx_word' id='word_1_62' title='bbox 226 1660 399 1738; x_wconf 82' lang='lat' dir='ltr'>iliustrata</span> <span class='ocrx_word' id='word_1_63' title='bbox 413 1658 623 1737; x_wconf 83' lang='lat' dir='ltr'>suntaviris</span> <span class='ocrx_word' id='word_1_64' title='bbox 633 1657 747 1736; x_wconf 76' lang='lat' dir='ltr'>donis</span> <span class='ocrx_word' id='word_1_65' title='bbox 759 1658 864 1758; x_wconf 84' lang='lat' dir='ltr'>supra</span> <span class='ocrx_word' id='word_1_66' title='bbox 879 1659 1072 1759; x_wconf 82' lang='lat' dir='ltr'>laudatis3</span> <span class='ocrx_word' id='word_1_67' title='bbox 1103 1665 1207 1742; x_wconf 84' lang='lat' dir='ltr'>durat·</span> 
     </span>
     <span class='ocr_line' id='line_1_10' title="bbox 140 1769 1237 1881; baseline 0.004 -28"><span class='ocrx_word' id='word_1_68' title='bbox 140 1792 217 1878; x_wconf 80' lang='lat' dir='ltr'>que</span> <span class='ocrx_word' id='word_1_69' title='bbox 244 1774 349 1874; x_wconf 82' lang='lat' dir='ltr'>regni</span> <span class='ocrx_word' id='word_1_70' title='bbox 378 1772 489 1851; x_wconf 82' lang='lat' dir='ltr'>huius</span> <span class='ocrx_word' id='word_1_71' title='bbox 510 1773 688 1851; x_wconf 84' lang='lat' dir='ltr'>memoria</span> <span class='ocrx_word' id='word_1_72' title='bbox 708 1772 754 1849; x_wconf 90' lang='lat' dir='ltr'>ad</span> <span class='ocrx_word' id='word_1_73' title='bbox 769 1769 955 1851; x_wconf 88' lang='lat' dir='ltr'>Valeriani</span> <span class='ocrx_word' id='word_1_74' title='bbox 977 1794 1108 1881; x_wconf 71' lang='lat' dir='ltr'>nsque</span> <span class='ocrx_word' id='word_1_75' title='bbox 1132 1793 1207 1856; x_wconf 84' lang='lat' dir='ltr'>tern-</span> <span class='ocrx_word' id='word_1_76' title='bbox 1235 1800 1237 1833; x_wconf 82' lang='lat'>³</span> 
     </span>
     <span class='ocr_line' id='line_1_11' title="bbox 141 1882 982 1994; baseline -0.006 -27"><span class='ocrx_word' id='word_1_77' title='bbox 141 1911 253 1994; x_wconf 81' lang='lat' dir='ltr'>pora:</span> <span class='ocrx_word' id='word_1_78' title='bbox 284 1882 368 1965; x_wconf 85' lang='lat' dir='ltr'>aC.</span> <span class='ocrx_word' id='word_1_79' title='bbox 387 1909 437 1983; x_wconf 86' lang='lat'>²5</span> <span class='ocrx_word' id='word_1_80' title='bbox 447 1910 481 1984; x_wconf 84' lang='lat'>3.</span> <span class='ocrx_word' id='word_1_81' title='bbox 501 1912 539 1985; x_wconf 84' lang='lat'>4.</span> <span class='ocrx_word' id='word_1_82' title='bbox 563 1883 721 1975; x_wconf 86' lang='lat' dir='ltr'>(Zosim.</span> <span class='ocrx_word' id='word_1_83' title='bbox 737 1882 774 1977; x_wconf 89' lang='lat'>1,</span> <span class='ocrx_word' id='word_1_84' title='bbox 809 1910 855 1982; x_wconf 86' lang='lat'>31</span> <span class='ocrx_word' id='word_1_85' title='bbox 877 1885 982 1988; x_wconf 86' lang='lat' dir='ltr'><strong>sqq.)</strong></span> 
     </span>
    </p>
   </div>
   <div class='ocr_carea' id='block_1_3' title="bbox 137 2111 1260 3558">
    <p class='ocr_par' dir='ltr' id='par_1_3' title="bbox 137 2111 1260 3558">
     <span class='ocr_line' id='line_1_12' title="bbox 149 2111 1210 2219; baseline 0 -23"><span class='ocrx_word' id='word_1_86' title='bbox 149 2150 156 2160; x_wconf 94' lang='lat'><strong>·</strong></span> <span class='ocrx_word' id='word_1_87' title='bbox 254 2113 417 2196; x_wconf 78' lang='lat' dir='ltr'>Creeere</span> <span class='ocrx_word' id='word_1_88' title='bbox 443 2115 540 2192; x_wconf 88' lang='lat' dir='ltr'>inter</span> <span class='ocrx_word' id='word_1_89' title='bbox 566 2112 661 2191; x_wconf 83' lang='lat' dir='ltr'>haec</span> <span class='ocrx_word' id='word_1_90' title='bbox 687 2111 986 2192; x_wconf 82' lang='lat' dir='ltr'>Chersonitarum</span> <span class='ocrx_word' id='word_1_91' title='bbox 1018 2139 1139 2219; x_wconf 84' lang='lat' dir='ltr'>opes:</span> <span class='ocrx_word' id='word_1_92' title='bbox 1177 2129 1210 2196; x_wconf 78' lang='lat' dir='ltr'>es</span> 
     </span>
     <span class='ocr_line' id='line_1_13' title="bbox 140 2228 1209 2334; baseline -0.002 -23"><span class='ocrx_word' id='word_1_93' title='bbox 140 2232 315 2334; x_wconf 81' lang='lat' dir='ltr'>frequens</span> <span class='ocrx_word' id='word_1_94' title='bbox 342 2254 473 2309; x_wconf 88' lang='lat' dir='ltr'>eorum</span> <span class='ocrx_word' id='word_1_95' title='bbox 496 2228 732 2319; x_wconf 84' lang='lat' dir='ltr'>memoratio,</span> <span class='ocrx_word' id='word_1_96' title='bbox 778 2229 886 2303; x_wconf 84' lang='lat' dir='ltr'>armis</span> <span class='ocrx_word' id='word_1_97' title='bbox 907 2248 1072 2331; x_wconf 86' lang='lat' dir='ltr'><strong>quoque·</strong></span> <span class='ocrx_word' id='word_1_98' title='bbox 1101 2236 1151 2312; x_wconf 83' lang='lat' dir='ltr'>ab</span> <span class='ocrx_word' id='word_1_99' title='bbox 1171 2236 1209 2309; x_wconf 78' lang='lat' dir='ltr'>iia</span> 
     </span>
     <span class='ocr_line' id='line_1_14' title="bbox 141 2337 1207 2448; baseline 0.001 -26"><span class='ocrx_word' id='word_1_100' title='bbox 141 2347 182 2448; x_wconf 82' lang='lat' dir='ltr'>in</span> <span class='ocrx_word' id='word_1_101' title='bbox 205 2347 347 2424; x_wconf 81' lang='lat' dir='ltr'>vicinos</span> <span class='ocrx_word' id='word_1_102' title='bbox 366 2347 498 2434; x_wconf 83' lang='lat' dir='ltr'>motis,</span> <span class='ocrx_word' id='word_1_103' title='bbox 540 2344 616 2419; x_wconf 86' lang='lat' dir='ltr'>iam</span> <span class='ocrx_word' id='word_1_104' title='bbox 643 2341 729 2417; x_wconf 92' lang='lat' dir='ltr'>inde</span> <span class='ocrx_word' id='word_1_105' title='bbox 759 2364 779 2417; x_wconf 92' lang='lat' dir='ltr'>a</span> <span class='ocrx_word' id='word_1_106' title='bbox 803 2337 1035 2421; x_wconf 88' lang='lat' dir='ltr'>Diocletiani</span> <span class='ocrx_word' id='word_1_107' title='bbox 1066 2361 1207 2448; x_wconf 67' lang='lat' dir='ltr'>tempe</span> 
     </span>
     <span class='ocr_line' id='line_1_15' title="bbox 141 2454 1208 2538; baseline -0.002 -1"><span class='ocrx_word' id='word_1_108' title='bbox 141 2459 255 2537; x_wconf 85' lang='lat' dir='ltr'>ribus.</span> <span class='ocrx_word' id='word_1_109' title='bbox 313 2454 359 2536; x_wconf 87' lang='lat' dir='ltr'>ln</span> <span class='ocrx_word' id='word_1_110' title='bbox 374 2455 629 2536; x_wconf 88' lang='lat' dir='ltr'>Romanorum</span> <span class='ocrx_word' id='word_1_111' title='bbox 646 2454 786 2532; x_wconf 87' lang='lat' dir='ltr'>ditione</span> <span class='ocrx_word' id='word_1_112' title='bbox 802 2478 866 2532; x_wconf 85' lang='lat' dir='ltr'>eos</span> <span class='ocrx_word' id='word_1_113' title='bbox 882 2455 1002 2534; x_wconf 88' lang='lat' dir='ltr'>adhuc</span> <span class='ocrx_word' id='word_1_114' title='bbox 1016 2455 1208 2538; x_wconf 79' lang='lat' dir='ltr'>Iustiniani</span> 
     </span>
     <span class='ocr_line' id='line_1_16' title="bbox 140 2565 1206 2672; baseline 0.001 -24"><span class='ocrx_word' id='word_1_115' title='bbox 140 2582 310 2672; x_wconf 80' lang='lat' dir='ltr'>tempore</span> <span class='ocrx_word' id='word_1_116' title='bbox 345 2570 491 2648; x_wconf 84' lang='lat' dir='ltr'>habitos</span> <span class='ocrx_word' id='word_1_117' title='bbox 516 2565 585 2646; x_wconf 87' lang='lat' dir='ltr'>esse</span> <span class='ocrx_word' id='word_1_118' title='bbox 610 2568 732 2644; x_wconf 84' lang='lat' dir='ltr'>videas</span> <span class='ocrx_word' id='word_1_119' title='bbox 765 2591 824 2668; x_wconf 88' lang='lat' dir='ltr'>ap.</span> <span class='ocrx_word' id='word_1_120' title='bbox 854 2565 1010 2668; x_wconf 87' lang='lat' dir='ltr'>Procop.</span> <span class='ocrx_word' id='word_1_121' title='bbox 1045 2572 1096 2648; x_wconf 87' lang='lat' dir='ltr'>de</span> <span class='ocrx_word' id='word_1_122' title='bbox 1123 2572 1206 2651; x_wconf 87' lang='lat' dir='ltr'>beli.</span> 
     </span>
     <span class='ocr_line' id='line_1_17' title="bbox 141 2677 1208 2784; baseline -0.001 -21"><span class='ocrx_word' id='word_1_123' title='bbox 141 2681 256 2763; x_wconf 87' lang='lat' dir='ltr'><strong>Goth.</strong></span> <span class='ocrx_word' id='word_1_124' title='bbox 289 2682 353 2759; x_wconf 90' lang='lat' dir='ltr'>lib.</span> <span class='ocrx_word' id='word_1_125' title='bbox 371 2681 439 2771; x_wconf 86' lang='lat' dir='ltr'>lv,</span> <span class='ocrx_word' id='word_1_126' title='bbox 474 2705 507 2777; x_wconf 90' lang='lat'>5.</span> <span class='ocrx_word' id='word_1_127' title='bbox 584 2677 771 2780; x_wconf 82' lang='lat' dir='ltr'>Oppreffls</span> <span class='ocrx_word' id='word_1_128' title='bbox 801 2703 954 2784; x_wconf 88' lang='lat' dir='ltr'>quoque</span> <span class='ocrx_word' id='word_1_129' title='bbox 987 2686 1208 2783; x_wconf 85' lang='lat' dir='ltr'>posthaeca</span> 
     </span>
     <span class='ocr_line' id='line_1_18' title="bbox 137 2793 1260 2895; baseline 0.002 -20"><span class='ocrx_word' id='word_1_130' title='bbox 137 2798 300 2876; x_wconf 81' lang='lat' dir='ltr'>barbaris</span> <span class='ocrx_word' id='word_1_131' title='bbox 329 2796 458 2871; x_wconf 85' lang='lat' dir='ltr'>ceteris</span> <span class='ocrx_word' id='word_1_132' title='bbox 489 2793 701 2894; x_wconf 86' lang='lat' dir='ltr'>peninsuiae</span> <span class='ocrx_word' id='word_1_133' title='bbox 729 2795 920 2895; x_wconf 75' lang='lat' dir='ltr'>partibus,</span> <span class='ocrx_word' id='word_1_134' title='bbox 970 2820 1051 2874; x_wconf 91' lang='lat' dir='ltr'>non</span> <span class='ocrx_word' id='word_1_135' title='bbox 1087 2814 1208 2878; x_wconf 87' lang='lat' dir='ltr'>toturn</span> <span class='ocrx_word' id='word_1_136' title='bbox 1259 2834 1260 2846; x_wconf 21' lang='grc' dir='ltr'><strong><em>Ν</em></strong></span> 
     </span>
     <span class='ocr_line' id='line_1_19' title="bbox 138 2902 1206 3014; baseline 0.003 -26"><span class='ocrx_word' id='word_1_137' title='bbox 138 2910 197 2989; x_wconf 88' lang='lat' dir='ltr'>iili</span> <span class='ocrx_word' id='word_1_138' title='bbox 228 2912 358 3014; x_wconf 86' lang='lat' dir='ltr'>iugum</span> <span class='ocrx_word' id='word_1_139' title='bbox 398 2905 568 3009; x_wconf 90' lang='lat' dir='ltr'>recepisse</span> <span class='ocrx_word' id='word_1_140' title='bbox 604 2905 787 2985; x_wconf 79' lang='lat' dir='ltr'>videntur.</span> <span class='ocrx_word' id='word_1_141' title='bbox 871 2902 940 3008; x_wconf 86' lang='lat' dir='ltr'>(cs.</span> <span class='ocrx_word' id='word_1_142' title='bbox 974 2905 1206 2991; x_wconf 78' lang='lat' dir='ltr'>constantin</span> 
     </span>
     <span class='ocr_line' id='line_1_20' title="bbox 138 3018 1206 3126; baseline 0 -22"><span class='ocrx_word' id='word_1_143' title='bbox 138 3021 318 3126; x_wconf 86' lang='lat' dir='ltr'>Porphyr.·</span> <span class='ocrx_word' id='word_1_144' title='bbox 336 3020 396 3101; x_wconf 61' lang='lat' dir='ltr'>‘de</span> <span class='ocrx_word' id='word_1_145' title='bbox 418 3021 614 3099; x_wconf 84' lang='lat' dir='ltr'>administr.</span> <span class='ocrx_word' id='word_1_146' title='bbox 633 3018 728 3121; x_wconf 80' lang='lat' dir='ltr'>lmp-</span> <span class='ocrx_word' id='word_1_147' title='bbox 749 3044 767 3116; x_wconf 88' lang='lat'>5</span> <span class='ocrx_word' id='word_1_148' title='bbox 778 3024 833 3115; x_wconf 83' lang='lat'>3·)</span> <span class='ocrx_word' id='word_1_149' title='bbox 890 3021 987 3100; x_wconf 87' lang='lat' dir='ltr'>Nam</span> <span class='ocrx_word' id='word_1_150' title='bbox 1010 3023 1206 3105; x_wconf 78' lang='lat' dir='ltr'>successere</span> 
     </span>
     <span class='ocr_line' id='line_1_21' title="bbox 140 3131 1205 3238; baseline 0.001 -22"><span class='ocrx_word' id='word_1_151' title='bbox 140 3151 327 3238; x_wconf 86' lang='lat' dir='ltr'>tempora,</span> <span class='ocrx_word' id='word_1_152' title='bbox 377 3137 513 3237; x_wconf 83' lang='lat' dir='ltr'>quibus</span> <span class='ocrx_word' id='word_1_153' title='bbox 534 3133 740 3235; x_wconf 66' lang='lat' dir='ltr'>vseptentrio</span> <span class='ocrx_word' id='word_1_154' title='bbox 767 3131 889 3226; x_wconf 79' lang='lat' dir='ltr'>Afrae,</span> <span class='ocrx_word' id='word_1_155' title='bbox 943 3141 1053 3215; x_wconf 85' lang='lat' dir='ltr'>maris</span> <span class='ocrx_word' id='word_1_156' title='bbox 1083 3140 1205 3232; x_wconf 82' lang='lat' dir='ltr'>instar,</span> 
     </span>
     <span class='ocr_line' id='line_1_22' title="bbox 139 3249 1207 3350; baseline -0.001 -19"><span class='ocrx_word' id='word_1_157' title='bbox 139 3253 327 3331; x_wconf 79' lang='lat' dir='ltr'>continuis</span> <span class='ocrx_word' id='word_1_158' title='bbox 358 3249 531 3350; x_wconf 83' lang='lat' dir='ltr'>procellis</span> <span class='ocrx_word' id='word_1_159' title='bbox 564 3251 690 3347; x_wconf 88' lang='lat' dir='ltr'>agitari</span> <span class='ocrx_word' id='word_1_160' title='bbox 710 3260 746 3324; x_wconf 92' lang='lat' dir='ltr'>et</span> <span class='ocrx_word' id='word_1_161' title='bbox 768 3249 890 3325; x_wconf 83' lang='lat' dir='ltr'>vexari</span> <span class='ocrx_word' id='word_1_162' title='bbox 912 3254 1047 3350; x_wconf 68' lang='lat' dir='ltr'>coepit</span> <span class='ocrx_word' id='word_1_163' title='bbox 1118 3251 1207 3332; x_wconf 87' lang='lat' dir='ltr'>For·</span> 
     </span>
     <span class='ocr_line' id='line_1_23' title="bbox 139 3357 1206 3467; baseline 0.004 -25"><span class='ocrx_word' id='word_1_164' title='bbox 139 3380 270 3467; x_wconf 74' lang='lat' dir='ltr'>tunam</span> <span class='ocrx_word' id='word_1_165' title='bbox 293 3362 480 3465; x_wconf 78' lang='lat' dir='ltr'>peninsula</span> <span class='ocrx_word' id='word_1_166' title='bbox 505 3375 596 3439; x_wconf 89' lang='lat' dir='ltr'>tunc</span> <span class='ocrx_word' id='word_1_167' title='bbox 613 3360 688 3437; x_wconf 90' lang='lat' dir='ltr'>sere</span> <span class='ocrx_word' id='word_1_168' title='bbox 710 3357 838 3437; x_wconf 88' lang='lat' dir='ltr'>habuit</span> <span class='ocrx_word' id='word_1_169' title='bbox 855 3381 1095 3442; x_wconf 87' lang='lat' dir='ltr'>communem</span> <span class='ocrx_word' id='word_1_170' title='bbox 1119 3390 1206 3446; x_wconf 85' lang='lat' dir='ltr'>cum</span> 
     </span>
     <span class='ocr_line' id='line_1_24' title="bbox 139 3472 971 3558; baseline -0.006 0"><span class='ocrx_word' id='word_1_171' title='bbox 139 3481 270 3558; x_wconf 77' lang='lat' dir='ltr'>ceteris</span> <span class='ocrx_word' id='word_1_172' title='bbox 292 3478 386 3555; x_wconf 87' lang='lat' dir='ltr'>locis</span> <span class='ocrx_word' id='word_1_173' title='bbox 409 3479 506 3558; x_wconf 87' lang='lat' dir='ltr'>circa</span> <span class='ocrx_word' id='word_1_174' title='bbox 520 3473 663 3552; x_wconf 81' lang='lat' dir='ltr'><strong>Tanain</strong></span> <span class='ocrx_word' id='word_1_175' title='bbox 677 3489 716 3552; x_wconf 87' lang='lat' dir='ltr'>et</span> <span class='ocrx_word' id='word_1_176' title='bbox 732 3472 971 3553; x_wconf 88' lang='lat' dir='ltr'>Maeotidem.</span> 
     </span>
    </p>
   </div>
   <div class='ocr_carea' id='block_1_4' title="bbox 137 3684 1206 4579">
    <p class='ocr_par' dir='ltr' id='par_1_4' title="bbox 137 3684 1206 4484">
     <span class='ocr_line' id='line_1_25' title="bbox 149 3684 1206 3803; baseline -0.001 -19"><span class='ocrx_word' id='word_1_177' title='bbox 149 3774 153 3784; x_wconf 90' lang='lat'><em>.</em></span> <span class='ocrx_word' id='word_1_178' title='bbox 250 3698 517 3783; x_wconf 12' lang='lat' dir='ltr'>lamsamultis</span> <span class='ocrx_word' id='word_1_179' title='bbox 534 3695 621 3778; x_wconf 87' lang='lat' dir='ltr'>inde</span> <span class='ocrx_word' id='word_1_180' title='bbox 637 3699 807 3792; x_wconf 88' lang='lat' dir='ltr'>saeculis,</span> <span class='ocrx_word' id='word_1_181' title='bbox 835 3702 938 3803; x_wconf 88' lang='lat' dir='ltr'>quod</span> <span class='ocrx_word' id='word_1_182' title='bbox 956 3684 1137 3794; x_wconf 51' lang='lat' dir='ltr'>vidimusss</span> <span class='ocrx_word' id='word_1_183' title='bbox 1163 3729 1206 3783; x_wconf 88' lang='lat' dir='ltr'>ea</span> 
     </span>
     <span class='ocr_line' id='line_1_26' title="bbox 137 3808 1205 3916; baseline -0.001 -20"><span class='ocrx_word' id='word_1_184' title='bbox 137 3818 222 3896; x_wconf 79' lang='lat' dir='ltr'>ioca</span> <span class='ocrx_word' id='word_1_185' title='bbox 245 3817 452 3895; x_wconf 82' lang='lat' dir='ltr'>insederant</span> <span class='ocrx_word' id='word_1_186' title='bbox 477 3813 672 3903; x_wconf 80' lang='lat' dir='ltr'>Sarmatae,</span> <span class='ocrx_word' id='word_1_187' title='bbox 720 3808 881 3916; x_wconf 72' lang='lat' dir='ltr'>cunique</span> <span class='ocrx_word' id='word_1_188' title='bbox 902 3820 946 3893; x_wconf 85' lang='lat' dir='ltr'>iis</span> <span class='ocrx_word' id='word_1_189' title='bbox 969 3817 1068 3893; x_wconf 90' lang='lat' dir='ltr'>haud</span> <span class='ocrx_word' id='word_1_190' title='bbox 1091 3818 1205 3895; x_wconf 86' lang='lat' dir='ltr'>dubie</span> 
     </span>
     <span class='ocr_line' id='line_1_27' title="bbox 138 3920 1205 4029; baseline 0 -21"><span class='ocrx_word' id='word_1_191' title='bbox 138 3920 201 4022; x_wconf 78' lang='lat' dir='ltr'>[aiii</span> <span class='ocrx_word' id='word_1_192' title='bbox 227 3931 390 4024; x_wconf 82' lang='lat' dir='ltr'>barbari3</span> <span class='ocrx_word' id='word_1_193' title='bbox 434 3927 481 4005; x_wconf 91' lang='lat' dir='ltr'>de</span> <span class='ocrx_word' id='word_1_194' title='bbox 507 3928 642 4029; x_wconf 86' lang='lat' dir='ltr'>quibus</span> <span class='ocrx_word' id='word_1_195' title='bbox 666 3941 789 4006; x_wconf 86' lang='lat' dir='ltr'>tamen</span> <span class='ocrx_word' id='word_1_196' title='bbox 819 3929 912 4006; x_wconf 88' lang='lat' dir='ltr'>nihil</span> <span class='ocrx_word' id='word_1_197' title='bbox 942 3929 1071 4008; x_wconf 87' lang='lat' dir='ltr'>diserte</span> <span class='ocrx_word' id='word_1_198' title='bbox 1092 3931 1205 4008; x_wconf 88' lang='lat' dir='ltr'>tradi·</span> 
     </span>
     <span class='ocr_line' id='line_1_28' title="bbox 138 4039 1201 4146; baseline 0 -23"><span class='ocrx_word' id='word_1_199' title='bbox 138 4060 221 4124; x_wconf 85' lang='lat' dir='ltr'>tum</span> <span class='ocrx_word' id='word_1_200' title='bbox 255 4047 423 4146; x_wconf 77' lang='lat' dir='ltr'>reperias.</span> <span class='ocrx_word' id='word_1_201' title='bbox 488 4039 691 4120; x_wconf 85' lang='lat' dir='ltr'>Successere</span> <span class='ocrx_word' id='word_1_202' title='bbox 719 4040 784 4118; x_wconf 88' lang='lat' dir='ltr'>sub</span> <span class='ocrx_word' id='word_1_203' title='bbox 816 4044 934 4142; x_wconf 88' lang='lat' dir='ltr'>prima</span> <span class='ocrx_word' id='word_1_204' title='bbox 950 4044 1036 4120; x_wconf 89' lang='lat' dir='ltr'>inde</span> <span class='ocrx_word' id='word_1_205' title='bbox 1053 4069 1074 4120; x_wconf 92' lang='lat' dir='ltr'>a</span> <span class='ocrx_word' id='word_1_206' title='bbox 1090 4042 1134 4123; x_wconf 89' lang='lat' dir='ltr'>C.</span> <span class='ocrx_word' id='word_1_207' title='bbox 1152 4043 1201 4125; x_wconf 82' lang='grc' dir='ltr'>Ν.</span> 
     </span>
     <span class='ocr_line' id='line_1_29' title="bbox 137 4153 1204 4258; baseline -0.001 -21"><span class='ocrx_word' id='word_1_208' title='bbox 137 4157 278 4237; x_wconf 88' lang='lat' dir='ltr'>saecula</span> <span class='ocrx_word' id='word_1_209' title='bbox 306 4153 430 4234; x_wconf 75' lang='lat' dir='ltr'>Gothi:</span> <span class='ocrx_word' id='word_1_210' title='bbox 463 4176 624 4257; x_wconf 87' lang='lat' dir='ltr'>quorum</span> <span class='ocrx_word' id='word_1_211' title='bbox 642 4156 703 4232; x_wconf 88' lang='lat' dir='ltr'>alii</span> <span class='ocrx_word' id='word_1_212' title='bbox 725 4155 916 4258; x_wconf 78' lang='lat' dir='ltr'>ostrogothi</span> <span class='ocrx_word' id='word_1_213' title='bbox 933 4156 1037 4247; x_wconf 77' lang='lat' dir='ltr'>diiii,</span> <span class='ocrx_word' id='word_1_214' title='bbox 1076 4159 1143 4236; x_wconf 91' lang='lat' dir='ltr'>diu</span> <span class='ocrx_word' id='word_1_215' title='bbox 1157 4159 1204 4236; x_wconf 90' lang='lat' dir='ltr'>ab</span> 
     </span>
     <span class='ocr_line' id='line_1_30' title="bbox 140 4267 1204 4370; baseline 0 -20"><span class='ocrx_word' id='word_1_216' title='bbox 140 4275 285 4368; x_wconf 72' lang='lat' dir='ltr'>oriente</span> <span class='ocrx_word' id='word_1_217' title='bbox 316 4268 459 4347; x_wconf 79' lang='lat' dir='ltr'>Tanain</span> <span class='ocrx_word' id='word_1_218' title='bbox 495 4269 708 4357; x_wconf 87' lang='lat' dir='ltr'>incoluere,</span> <span class='ocrx_word' id='word_1_219' title='bbox 766 4268 872 4370; x_wconf 89' lang='lat' dir='ltr'>supra</span> <span class='ocrx_word' id='word_1_220' title='bbox 897 4295 963 4347; x_wconf 85' lang='lat' dir='ltr'>eos</span> <span class='ocrx_word' id='word_1_221' title='bbox 988 4272 1034 4347; x_wconf 88' lang='lat' dir='ltr'>ad</span> <span class='ocrx_word' id='word_1_222' title='bbox 1056 4267 1204 4350; x_wconf 82' lang='lat' dir='ltr'>Tanain</span> 
     </span>
     <span class='ocr_line' id='line_1_31' title="bbox 138 4382 1204 4484; baseline -0.001 -20"><span class='ocrx_word' id='word_1_223' title='bbox 138 4384 363 4477; x_wconf 68' lang='lat' dir='ltr'>Aianialma</span> <span class='ocrx_word' id='word_1_224' title='bbox 388 4384 609 4483; x_wconf 82' lang='lat' dir='ltr'>tenentibus.</span> <span class='ocrx_word' id='word_1_225' title='bbox 646 4382 766 4462; x_wconf 85' lang='lat' dir='ltr'>Iidem</span> <span class='ocrx_word' id='word_1_226' title='bbox 785 4395 936 4462; x_wconf 87' lang='lat' dir='ltr'>tenuere</span> <span class='ocrx_word' id='word_1_227' title='bbox 950 4385 1204 4484; x_wconf 66' lang='lat' dir='ltr'>peninsulam</span> 
     </span>
    </p>

    <p class='ocr_par' dir='ltr' id='par_1_5' title="bbox 1104 4500 1205 4579">
     <span class='ocr_line' id='line_1_32' title="bbox 1104 4500 1205 4579; baseline 0.02 -2"><span class='ocrx_word' id='word_1_228' title='bbox 1104 4500 1205 4579; x_wconf 80' lang='lat' dir='ltr'>vnde</span> 
     </span>
    </p>
   </div>
   <div class='ocr_carea' id='block_1_5' title="bbox 0 0 1294 5076">
    <p class='ocr_par' dir='ltr' id='par_1_6' title="bbox 0 0 1294 5076">
     <span class='ocr_line' id='line_1_33' title="bbox 0 0 1294 5076; baseline 0 0"><span class='ocrx_word' id='word_1_229' title='bbox 0 0 1294 5076; x_wconf 95' lang='lat' dir='ltr'> </span> 
     </span>
    </p>
   </div>
  </div>
 </body>
</html>
