<?xml version="1.0" encoding="UTF-8"?>
<!DOCTYPE html PUBLIC "-//W3C//DTD XHTML 1.0 Transitional//EN"
    "http://www.w3.org/TR/xhtml1/DTD/xhtml1-transitional.dtd">
<html xmlns="http://www.w3.org/1999/xhtml" xml:lang="en" lang="en">
 <head>
  <title>
</title>
<meta http-equiv="Content-Type" content="text/html;charset=utf-8" />
  <meta name='ocr-system' content='tesseract 3.04.00' />
  <meta name='ocr-capabilities' content='ocr_page ocr_carea ocr_par ocr_line ocrx_word'/>
</head>
<body>
  <div class='ocr_page' id='page_1' title='image "./chrgheyniiprofe00heyngoog_0440.png"; bbox 0 0 2580 5086; ppageno 0'>
   <div class='ocr_carea' id='block_1_1' title="bbox 133 886 1245 1439">
    <p class='ocr_par' dir='ltr' id='par_1_1' title="bbox 133 886 1245 1439">
     <span class='ocr_line' id='line_1_1' title="bbox 194 886 1244 994; baseline -0.002 -22.103"><span class='ocrx_word' id='word_1_1' title='bbox 194 894 282 973; x_wconf 89' lang='lat' dir='ltr'>loco</span> <span class='ocrx_word' id='word_1_2' title='bbox 302 888 605 994; x_wconf 71' lang='lat' dir='ltr'>prumiuaRege</span> <span class='ocrx_word' id='word_1_3' title='bbox 620 887 932 991; x_wconf 80' lang='lat' dir='ltr'>indulgentiffiuro</span> <span class='ocrx_word' id='word_1_4' title='bbox 946 886 1107 970; x_wconf 86' lang='lat' dir='ltr'>Ciuibus</span> <span class='ocrx_word' id='word_1_5' title='bbox 1128 891 1244 989; x_wconf 71' lang='lat' dir='ltr'>nostrie</span> 
     </span>
     <span class='ocr_line' id='line_1_2' title="bbox 133 1004 1243 1107; baseline 0.009 -30"><span class='ocrx_word' id='word_1_6' title='bbox 133 1070 144 1085; x_wconf 82' lang='lat'>..</span> <span class='ocrx_word' id='word_1_7' title='bbox 194 1009 440 1098; x_wconf 61' lang='lat' dir='ltr'>constituta,v</span> <span class='ocrx_word' id='word_1_8' title='bbox 473 1030 567 1107; x_wconf 86' lang='lat' dir='ltr'>quae</span> <span class='ocrx_word' id='word_1_9' title='bbox 605 1019 832 1106; x_wconf 82' lang='lat' dir='ltr'><strong>quantopere</strong></span> <span class='ocrx_word' id='word_1_10' title='bbox 860 1004 1069 1084; x_wconf 89' lang='lat' dir='ltr'>multorum</span> <span class='ocrx_word' id='word_1_11' title='bbox 1107 1007 1243 1106; x_wconf 81' lang='lat' dir='ltr'>ingenii</span> 
     </span>
     <span class='ocr_line' id='line_1_3' title="bbox 135 1119 1242 1218; baseline -0.001 -21"><span class='ocrx_word' id='word_1_12' title='bbox 135 1167 142 1173; x_wconf 59' lang='grc'><strong>«</strong></span> <span class='ocrx_word' id='word_1_13' title='bbox 192 1124 376 1209; x_wconf 85' lang='lat' dir='ltr'>acuerint,</span> <span class='ocrx_word' id='word_1_14' title='bbox 413 1119 597 1218; x_wconf 81' lang='lat' dir='ltr'>igniculos</span> <span class='ocrx_word' id='word_1_15' title='bbox 620 1133 657 1195; x_wconf 92' lang='lat' dir='ltr'>et</span> <span class='ocrx_word' id='word_1_16' title='bbox 678 1119 887 1196; x_wconf 83' lang='lat' dir='ltr'>industriam</span> <span class='ocrx_word' id='word_1_17' title='bbox 904 1120 1172 1208; x_wconf 62' lang='lat' dir='ltr'>exseruerint,</span> <span class='ocrx_word' id='word_1_18' title='bbox 1206 1139 1242 1196; x_wconf 78' lang='lat' dir='ltr'>er</span> 
     </span>
     <span class='ocr_line' id='line_1_4' title="bbox 191 1230 1244 1334; baseline -0.003 -24"><span class='ocrx_word' id='word_1_19' title='bbox 191 1233 277 1334; x_wconf 76' lang='lat' dir='ltr'>ipsis</span> <span class='ocrx_word' id='word_1_20' title='bbox 301 1236 559 1311; x_wconf 84' lang='lat' dir='ltr'>certaminibus</span> <span class='ocrx_word' id='word_1_21' title='bbox 582 1232 813 1332; x_wconf 79' lang='lat' dir='ltr'>vittoriisque</span> <span class='ocrx_word' id='word_1_22' title='bbox 841 1253 907 1328; x_wconf 91' lang='lat' dir='ltr'>per</span> <span class='ocrx_word' id='word_1_23' title='bbox 923 1232 994 1308; x_wconf 87' lang='lat' dir='ltr'>hos</span> <span class='ocrx_word' id='word_1_24' title='bbox 1009 1256 1132 1311; x_wconf 85' lang='lat' dir='ltr'>annos</span> <span class='ocrx_word' id='word_1_25' title='bbox 1147 1230 1244 1309; x_wconf 66' lang='lat' dir='ltr'>intels</span> 
     </span>
     <span class='ocr_line' id='line_1_5' title="bbox 192 1344 1245 1439; baseline -0.003 -15"><span class='ocrx_word' id='word_1_26' title='bbox 192 1346 326 1425; x_wconf 67' lang='lat' dir='ltr'>ledum</span> <span class='ocrx_word' id='word_1_27' title='bbox 347 1347 416 1439; x_wconf 83' lang='lat' dir='ltr'>est3</span> <span class='ocrx_word' id='word_1_28' title='bbox 449 1346 564 1423; x_wconf 87' lang='lat' dir='ltr'>altero</span> <span class='ocrx_word' id='word_1_29' title='bbox 593 1346 680 1423; x_wconf 91' lang='lat' dir='ltr'>loco</span> <span class='ocrx_word' id='word_1_30' title='bbox 697 1345 877 1422; x_wconf 86' lang='lat' dir='ltr'>aduentus</span> <span class='ocrx_word' id='word_1_31' title='bbox 899 1345 946 1421; x_wconf 91' lang='lat' dir='ltr'>ad</span> <span class='ocrx_word' id='word_1_32' title='bbox 960 1344 1245 1424; x_wconf 82' lang='lat' dir='ltr'>hancvrbemet</span> 
     </span>
    </p>
   </div>
   <div class='ocr_carea' id='block_1_2' title="bbox 168 1454 1243 2128">
    <p class='ocr_par' dir='ltr' id='par_1_2' title="bbox 191 1454 1243 1557">
     <span class='ocr_line' id='line_1_6' title="bbox 191 1454 1243 1557; baseline -0.002 -21"><span class='ocrx_word' id='word_1_33' title='bbox 191 1455 426 1536; x_wconf 77' lang='lat' dir='ltr'>&#39;Academiam</span> <span class='ocrx_word' id='word_1_34' title='bbox 444 1457 580 1557; x_wconf 85' lang='lat' dir='ltr'>Regiae</span> <span class='ocrx_word' id='word_1_35' title='bbox 597 1457 751 1547; x_wconf 84' lang='lat' dir='ltr'>sobolis,</span> <span class='ocrx_word' id='word_1_36' title='bbox 777 1455 949 1535; x_wconf 83' lang='lat' dir='ltr'>TRIVM</span> <span class='ocrx_word' id='word_1_37' title='bbox 966 1454 1243 1538; x_wconf 79' lang='lat' dir='ltr'><strong>PRINCIPVM</strong></span> 
     </span>
    </p>

    <p class='ocr_par' dir='ltr' id='par_1_3' title="bbox 168 1569 1243 2128">
     <span class='ocr_line' id='line_1_7' title="bbox 168 1569 1243 1669; baseline -0.006 -18"><span class='ocrx_word' id='word_1_38' title='bbox 168 1569 408 1652; x_wconf 67' lang='grc' dir='ltr'><strong>«ΜΑΘΝΑΕ</strong></span> <span class='ocrx_word' id='word_1_39' title='bbox 429 1569 756 1661; x_wconf 81' lang='lat' dir='ltr'><strong>BRITANNIAE,</strong></span> <span class='ocrx_word' id='word_1_40' title='bbox 781 1570 818 1667; x_wconf 85' lang='lat' dir='ltr'>r)</span> <span class='ocrx_word' id='word_1_41' title='bbox 848 1572 966 1669; x_wconf 90' lang='lat' dir='ltr'>quiin</span> <span class='ocrx_word' id='word_1_42' title='bbox 981 1572 1107 1649; x_wconf 85' lang='lat' dir='ltr'>castris</span> <span class='ocrx_word' id='word_1_43' title='bbox 1123 1571 1243 1651; x_wconf 85' lang='lat' dir='ltr'>nostris</span> 
     </span>
     <span class='ocr_line' id='line_1_8' title="bbox 190 1683 1242 1782; baseline -0.005 -18"><span class='ocrx_word' id='word_1_44' title='bbox 190 1683 380 1764; x_wconf 86' lang='lat' dir='ltr'>Musarum</span> <span class='ocrx_word' id='word_1_45' title='bbox 402 1685 570 1762; x_wconf 87' lang='lat' dir='ltr'>militant</span> <span class='ocrx_word' id='word_1_46' title='bbox 641 1684 725 1762; x_wconf 90' lang='lat' dir='ltr'>Nec</span> <span class='ocrx_word' id='word_1_47' title='bbox 756 1683 896 1761; x_wconf 79' lang='lat' dir='ltr'>silentio</span> <span class='ocrx_word' id='word_1_48' title='bbox 927 1684 1242 1782; x_wconf 85' lang='lat' dir='ltr'>praetermittenda</span> 
     </span>
     <span class='ocr_line' id='line_1_9' title="bbox 188 1791 1241 1902; baseline 0.002 -28"><span class='ocrx_word' id='word_1_49' title='bbox 188 1797 340 1897; x_wconf 72' lang='lat' dir='ltr'>insignis</span> <span class='ocrx_word' id='word_1_50' title='bbox 368 1797 517 1875; x_wconf 84' lang='lat' dir='ltr'>acceffio</span> <span class='ocrx_word' id='word_1_51' title='bbox 549 1799 637 1900; x_wconf 79' lang='lat' dir='ltr'>Frscr&#39;</span> <span class='ocrx_word' id='word_1_52' title='bbox 663 1800 770 1875; x_wconf 79' lang='lat' dir='ltr'>uiduis</span> <span class='ocrx_word' id='word_1_53' title='bbox 790 1791 1014 1898; x_wconf 72' lang='lat' dir='ltr'>Profefforum</span> <span class='ocrx_word' id='word_1_54' title='bbox 1031 1797 1241 1902; x_wconf 61' lang='lat' dir='ltr'>[sustentauit</span> 
     </span>
     <span class='ocr_line' id='line_1_10' title="bbox 187 1905 1240 2015; baseline 0.003 -27"><span class='ocrx_word' id='word_1_55' title='bbox 187 1910 279 1988; x_wconf 69' lang='lat' dir='ltr'>faus</span> <span class='ocrx_word' id='word_1_56' title='bbox 303 1934 351 1988; x_wconf 85' lang='lat' dir='ltr'>ex</span> <span class='ocrx_word' id='word_1_57' title='bbox 373 1909 514 2009; x_wconf 82' lang='lat' dir='ltr'>Legatu</span> <span class='ocrx_word' id='word_1_58' title='bbox 539 1935 615 1989; x_wconf 77' lang='lat' dir='ltr'>vau</span> <span class='ocrx_word' id='word_1_59' title='bbox 644 1935 719 1989; x_wconf 73' lang='lat' dir='ltr'>unu</span> <span class='ocrx_word' id='word_1_60' title='bbox 744 1908 976 2003; x_wconf 79' lang='lat' dir='ltr'>Horurruo,</span> <span class='ocrx_word' id='word_1_61' title='bbox 995 1905 1035 2015; x_wconf 85' lang='lat' dir='ltr'>s)</span> <span class='ocrx_word' id='word_1_62' title='bbox 1071 1909 1240 2013; x_wconf 74' lang='lat' dir='ltr'>Collegae</span> 
     </span>
     <span class='ocr_line' id='line_1_11' title="bbox 189 2023 1182 2128; baseline 0.001 -27"><span class='ocrx_word' id='word_1_63' title='bbox 189 2025 303 2103; x_wconf 85' lang='lat' dir='ltr'>nostri</span> <span class='ocrx_word' id='word_1_64' title='bbox 320 2024 477 2128; x_wconf 88' lang='lat' dir='ltr'>prouida</span> <span class='ocrx_word' id='word_1_65' title='bbox 494 2048 581 2103; x_wconf 86' lang='lat' dir='ltr'>cura</span> <span class='ocrx_word' id='word_1_66' title='bbox 601 2023 809 2102; x_wconf 84' lang='lat' dir='ltr'>conciliato.</span> <span class='ocrx_word' id='word_1_67' title='bbox 1171 2030 1182 2033; x_wconf 72' lang='grc'><strong>”</strong></span> 
     </span>
    </p>
   </div>
   <div class='ocr_carea' id='block_1_3' title="bbox 48 2237 1239 3821">
    <p class='ocr_par' dir='ltr' id='par_1_4' title="bbox 191 2237 1239 2346">
     <span class='ocr_line' id='line_1_12' title="bbox 191 2237 1239 2346; baseline -0.003 -22"><span class='ocrx_word' id='word_1_68' title='bbox 191 2280 193 2287; x_wconf 38' lang='lat' dir='ltr'><em>s</em></span> <span class='ocrx_word' id='word_1_69' title='bbox 301 2243 396 2324; x_wconf 84' lang='lat' dir='ltr'>Tam</span> <span class='ocrx_word' id='word_1_70' title='bbox 419 2244 555 2322; x_wconf 86' lang='lat' dir='ltr'>laetum</span> <span class='ocrx_word' id='word_1_71' title='bbox 575 2243 841 2342; x_wconf 87' lang='lat' dir='ltr'>florentemque</span> <span class='ocrx_word' id='word_1_72' title='bbox 860 2237 1045 2343; x_wconf 85' lang='lat' dir='ltr'>Georgiae</span> <span class='ocrx_word' id='word_1_73' title='bbox 1063 2241 1239 2346; x_wconf 82' lang='lat' dir='ltr'>Augustae</span> 
     </span>
    </p>

    <p class='ocr_par' dir='ltr' id='par_1_5' title="bbox 101 2356 1239 2916">
     <span class='ocr_line' id='line_1_13' title="bbox 101 2356 1239 2459; baseline -0.001 -20"><span class='ocrx_word' id='word_1_74' title='bbox 101 2450 104 2454; x_wconf 50' lang='grc'><strong>,</strong></span> <span class='ocrx_word' id='word_1_75' title='bbox 187 2358 320 2439; x_wconf 81' lang='lat' dir='ltr'>statum</span> <span class='ocrx_word' id='word_1_76' title='bbox 335 2359 437 2459; x_wconf 91' lang='lat' dir='ltr'>quod</span> <span class='ocrx_word' id='word_1_77' title='bbox 452 2361 490 2434; x_wconf 89' lang='lat' dir='ltr'>in</span> <span class='ocrx_word' id='word_1_78' title='bbox 507 2359 580 2434; x_wconf 88' lang='lat' dir='ltr'>hoe</span> <span class='ocrx_word' id='word_1_79' title='bbox 591 2356 748 2435; x_wconf 87' lang='lat' dir='ltr'>sollenni</span> <span class='ocrx_word' id='word_1_80' title='bbox 764 2356 1022 2434; x_wconf 86' lang='lat' dir='ltr'>seruisaeculari</span> <span class='ocrx_word' id='word_1_81' title='bbox 1036 2360 1239 2459; x_wconf 82' lang='lat' dir='ltr'>praedicare</span> 
     </span>
     <span class='ocr_line' id='line_1_14' title="bbox 186 2470 1238 2575; baseline -0.001 -23"><span class='ocrx_word' id='word_1_82' title='bbox 186 2473 279 2552; x_wconf 90' lang='lat' dir='ltr'>mihi</span> <span class='ocrx_word' id='word_1_83' title='bbox 300 2473 409 2563; x_wconf 88' lang='lat' dir='ltr'>licet,</span> <span class='ocrx_word' id='word_1_84' title='bbox 444 2485 481 2549; x_wconf 93' lang='lat' dir='ltr'>et</span> <span class='ocrx_word' id='word_1_85' title='bbox 498 2496 591 2570; x_wconf 89' lang='lat' dir='ltr'>ego,</span> <span class='ocrx_word' id='word_1_86' title='bbox 626 2475 692 2573; x_wconf 91' lang='lat' dir='ltr'>qui</span> <span class='ocrx_word' id='word_1_87' title='bbox 712 2470 864 2547; x_wconf 88' lang='lat' dir='ltr'>dicentis</span> <span class='ocrx_word' id='word_1_88' title='bbox 882 2483 1000 2572; x_wconf 86' lang='lat' dir='ltr'>partes</span> <span class='ocrx_word' id='word_1_89' title='bbox 1018 2470 1181 2575; x_wconf 84' lang='lat' dir='ltr'>suscepi,</span> <span class='ocrx_word' id='word_1_90' title='bbox 1204 2476 1238 2550; x_wconf 88' lang='lat' dir='ltr'>iu</span> 
     </span>
     <span class='ocr_line' id='line_1_15' title="bbox 185 2586 1238 2686; baseline -0.001 -22"><span class='ocrx_word' id='word_1_91' title='bbox 185 2587 370 2664; x_wconf 83' lang='lat' dir='ltr'>felicitatis</span> <span class='ocrx_word' id='word_1_92' title='bbox 390 2609 492 2663; x_wconf 88' lang='lat' dir='ltr'>meae</span> <span class='ocrx_word' id='word_1_93' title='bbox 512 2600 613 2685; x_wconf 88' lang='lat' dir='ltr'>parte</span> <span class='ocrx_word' id='word_1_94' title='bbox 627 2586 844 2686; x_wconf 84' lang='lat' dir='ltr'>ponendum</span> <span class='ocrx_word' id='word_1_95' title='bbox 864 2586 1040 2675; x_wconf 83' lang='lat' dir='ltr'>arbitror,</span> <span class='ocrx_word' id='word_1_96' title='bbox 1077 2600 1117 2664; x_wconf 89' lang='lat' dir='ltr'>et</span> <span class='ocrx_word' id='word_1_97' title='bbox 1141 2591 1238 2667; x_wconf 84' lang='lat' dir='ltr'>vobis</span> 
     </span>
     <span class='ocr_line' id='line_1_16' title="bbox 185 2696 1238 2798; baseline 0.002 -24"><span class='ocrx_word' id='word_1_98' title='bbox 185 2699 373 2798; x_wconf 86' lang='lat' dir='ltr'>gratulor,</span> <span class='ocrx_word' id='word_1_99' title='bbox 402 2696 595 2776; x_wconf 82' lang='lat' dir='ltr'>Curatores</span> <span class='ocrx_word' id='word_1_100' title='bbox 613 2697 853 2787; x_wconf 81' lang='lat' dir='ltr'>lllustriffimi,</span> <span class='ocrx_word' id='word_1_101' title='bbox 890 2698 1058 2798; x_wconf 88' lang='lat' dir='ltr'>gratulor</span> <span class='ocrx_word' id='word_1_102' title='bbox 1076 2697 1238 2779; x_wconf 88' lang='lat' dir='ltr'>Patribus</span> 
     </span>
     <span class='ocr_line' id='line_1_17' title="bbox 184 2809 1237 2916; baseline 0 -25"><span class='ocrx_word' id='word_1_103' title='bbox 184 2811 417 2902; x_wconf 72' lang='lat' dir='ltr'>Academiae,</span> <span class='ocrx_word' id='word_1_104' title='bbox 447 2825 485 2886; x_wconf 87' lang='lat' dir='ltr'>et</span> <span class='ocrx_word' id='word_1_105' title='bbox 500 2809 780 2888; x_wconf 87' lang='lat' dir='ltr'>iuuentutihuic</span> <span class='ocrx_word' id='word_1_106' title='bbox 794 2809 1082 2903; x_wconf 81' lang='lat' dir='ltr'>florentiffimae,</span> <span class='ocrx_word' id='word_1_107' title='bbox 1110 2815 1237 2916; x_wconf 79' lang='lat' dir='ltr'>etipiir</span> 
     </span>
    </p>

    <p class='ocr_par' dir='ltr' id='par_1_6' title="bbox 48 2912 1238 3236">
     <span class='ocr_line' id='line_1_18' title="bbox 48 2912 1238 3018; baseline 0.004 -17"><span class='ocrx_word' id='word_1_108' title='bbox 48 2912 53 2921; x_wconf 72' lang='grc'><em>’</em></span> <span class='ocrx_word' id='word_1_109' title='bbox 184 2926 340 3002; x_wconf 78' lang='lat' dir='ltr'>litteris·</span> <span class='ocrx_word' id='word_1_110' title='bbox 387 2923 502 3018; x_wconf 86' lang='lat' dir='ltr'>Quod</span> <span class='ocrx_word' id='word_1_111' title='bbox 528 2923 554 3000; x_wconf 84' lang='lat' dir='ltr'>fi</span> <span class='ocrx_word' id='word_1_112' title='bbox 573 2922 737 3001; x_wconf 89' lang='lat' dir='ltr'>caelestes</span> <span class='ocrx_word' id='word_1_113' title='bbox 751 2926 894 3003; x_wconf 87' lang='lat' dir='ltr'>animae</span> <span class='ocrx_word' id='word_1_114' title='bbox 912 2939 1043 3003; x_wconf 89' lang='lat' dir='ltr'>curant</span> <span class='ocrx_word' id='word_1_115' title='bbox 1064 2932 1238 3018; x_wconf 86' lang='lat' dir='ltr'>mortalia,</span> 
     </span>
     <span class='ocr_line' id='line_1_19' title="bbox 186 3036 1237 3138; baseline 0.004 -23"><span class='ocrx_word' id='word_1_116' title='bbox 186 3055 224 3116; x_wconf 86' lang='lat' dir='ltr'>et</span> <span class='ocrx_word' id='word_1_117' title='bbox 245 3062 292 3115; x_wconf 84' lang='lat' dir='ltr'>ex</span> <span class='ocrx_word' id='word_1_118' title='bbox 305 3040 423 3116; x_wconf 34' lang='lat' dir='ltr'>*beatis</span> <span class='ocrx_word' id='word_1_119' title='bbox 442 3038 584 3116; x_wconf 86' lang='lat' dir='ltr'>sedibus</span> <span class='ocrx_word' id='word_1_120' title='bbox 604 3058 659 3116; x_wconf 84' lang='lat' dir='ltr'>res</span> <span class='ocrx_word' id='word_1_121' title='bbox 682 3036 856 3116; x_wconf 88' lang='lat' dir='ltr'>humanas</span> <span class='ocrx_word' id='word_1_122' title='bbox 879 3038 1128 3138; x_wconf 86' lang='lat' dir='ltr'>prospiciunt:</span> <span class='ocrx_word' id='word_1_123' title='bbox 1166 3067 1237 3121; x_wconf 84' lang='lat' dir='ltr'>nou</span> 
     </span>
     <span class='ocr_line' id='line_1_20' title="bbox 185 3149 1235 3236; baseline 0.006 -8"><span class='ocrx_word' id='word_1_124' title='bbox 185 3153 359 3229; x_wconf 66' lang='lat' dir='ltr'>intactum</span> <span class='ocrx_word' id='word_1_125' title='bbox 383 3153 517 3230; x_wconf 90' lang='lat' dir='ltr'>laetitia</span> <span class='ocrx_word' id='word_1_126' title='bbox 547 3153 694 3230; x_wconf 88' lang='lat' dir='ltr'>credere</span> <span class='ocrx_word' id='word_1_127' title='bbox 715 3151 802 3230; x_wconf 90' lang='lat' dir='ltr'>licet</span> <span class='ocrx_word' id='word_1_128' title='bbox 827 3155 991 3229; x_wconf 85' lang='lat' dir='ltr'>animum</span> <span class='ocrx_word' id='word_1_129' title='bbox 1020 3149 1235 3236; x_wconf 80' lang='lat' dir='ltr'><strong>GEORGII</strong></span> 
     </span>
    </p>

    <p class='ocr_par' dir='ltr' id='par_1_7' title="bbox 178 3263 1236 3594">
     <span class='ocr_line' id='line_1_21' title="bbox 183 3263 1235 3365; baseline -0.001 -18"><span class='ocrx_word' id='word_1_130' title='bbox 183 3263 232 3348; x_wconf 87' lang='lat'>11.</span> <span class='ocrx_word' id='word_1_131' title='bbox 262 3265 463 3343; x_wconf 89' lang='lat' dir='ltr'>conditoris</span> <span class='ocrx_word' id='word_1_132' title='bbox 481 3288 523 3342; x_wconf 88' lang='lat' dir='ltr'>ac</span> <span class='ocrx_word' id='word_1_133' title='bbox 541 3269 728 3343; x_wconf 89' lang='lat' dir='ltr'>nutritoris</span> <span class='ocrx_word' id='word_1_134' title='bbox 750 3264 933 3365; x_wconf 85' lang='lat' dir='ltr'>Georgiae</span> <span class='ocrx_word' id='word_1_135' title='bbox 949 3265 1132 3365; x_wconf 79' lang='lat' dir='ltr'>Augustae</span> <span class='ocrx_word' id='word_1_136' title='bbox 1146 3271 1235 3362; x_wconf 83' lang='lat' dir='ltr'>suae,</span> 
     </span>
     <span class='ocr_line' id='line_1_22' title="bbox 184 3376 1236 3480; baseline 0.008 -25"><span class='ocrx_word' id='word_1_137' title='bbox 184 3402 254 3455; x_wconf 89' lang='lat' dir='ltr'>nec</span> <span class='ocrx_word' id='word_1_138' title='bbox 269 3376 602 3457; x_wconf 83' lang='lat' dir='ltr'>MVNCHHVSII</span> <span class='ocrx_word' id='word_1_139' title='bbox 619 3377 805 3469; x_wconf 74' lang='lat' dir='ltr'>affetium,</span> <span class='ocrx_word' id='word_1_140' title='bbox 842 3382 907 3479; x_wconf 90' lang='lat' dir='ltr'>qui</span> <span class='ocrx_word' id='word_1_141' title='bbox 921 3381 1119 3480; x_wconf 86' lang='lat' dir='ltr'>parentalis</span> <span class='ocrx_word' id='word_1_142' title='bbox 1133 3407 1236 3462; x_wconf 81' lang='lat' dir='ltr'>curae</span> 
     </span>
     <span class='ocr_line' id='line_1_23' title="bbox 178 3492 1233 3594; baseline 0.008 -27"><span class='ocrx_word' id='word_1_143' title='bbox 178 3493 263 3568; x_wconf 79' lang='lat' dir='ltr'>suae</span> <span class='ocrx_word' id='word_1_144' title='bbox 281 3492 417 3568; x_wconf 64' lang='lat' dir='ltr'>fruetus</span> <span class='ocrx_word' id='word_1_145' title='bbox 430 3493 515 3568; x_wconf 90' lang='lat' dir='ltr'>tulit</span> <span class='ocrx_word' id='word_1_146' title='bbox 531 3504 605 3568; x_wconf 90' lang='lat' dir='ltr'>tam</span> <span class='ocrx_word' id='word_1_147' title='bbox 621 3494 766 3582; x_wconf 84' lang='lat' dir='ltr'>vberes,</span> <span class='ocrx_word' id='word_1_148' title='bbox 795 3506 868 3569; x_wconf 87' lang='lat' dir='ltr'>tam</span> <span class='ocrx_word' id='word_1_149' title='bbox 885 3493 1020 3584; x_wconf 83' lang='lat' dir='ltr'>laetos,</span> <span class='ocrx_word' id='word_1_150' title='bbox 1047 3518 1148 3594; x_wconf 84' lang='lat' dir='ltr'>quos</span> <span class='ocrx_word' id='word_1_151' title='bbox 1164 3499 1233 3586; x_wconf 84' lang='lat' dir='ltr'>ilie,</span> 
     </span>
    </p>

    <p class='ocr_par' dir='ltr' id='par_1_8' title="bbox 182 3605 1231 3707">
     <span class='ocr_line' id='line_1_24' title="bbox 182 3605 1231 3707; baseline 0.008 -25"><span class='ocrx_word' id='word_1_152' title='bbox 182 3609 221 3682; x_wconf 90' lang='lat' dir='ltr'>iu</span> <span class='ocrx_word' id='word_1_153' title='bbox 243 3605 415 3681; x_wconf 86' lang='lat' dir='ltr'>tenuibus</span> <span class='ocrx_word' id='word_1_154' title='bbox 435 3627 556 3681; x_wconf 88' lang='lat' dir='ltr'>rerum</span> <span class='ocrx_word' id='word_1_155' title='bbox 581 3606 692 3680; x_wconf 88' lang='lat' dir='ltr'>initiis</span> <span class='ocrx_word' id='word_1_156' title='bbox 711 3618 748 3682; x_wconf 92' lang='lat' dir='ltr'>et</span> <span class='ocrx_word' id='word_1_157' title='bbox 763 3629 830 3707; x_wconf 91' lang='lat' dir='ltr'>per</span> <span class='ocrx_word' id='word_1_158' title='bbox 845 3619 901 3683; x_wconf 91' lang='lat' dir='ltr'>tot</span> <span class='ocrx_word' id='word_1_159' title='bbox 917 3629 1037 3686; x_wconf 86' lang='lat' dir='ltr'>annos</span> <span class='ocrx_word' id='word_1_160' title='bbox 1050 3611 1231 3701; x_wconf 83' lang='lat' dir='ltr'>inualidis.</span> 
     </span>
    </p>

    <p class='ocr_par' dir='ltr' id='par_1_9' title="bbox 106 3719 1009 3821">
     <span class='ocr_line' id='line_1_25' title="bbox 106 3719 1009 3821; baseline 0.001 -26"><span class='ocrx_word' id='word_1_161' title='bbox 106 3766 117 3773; x_wconf 63' lang='lat'>‚.</span> <span class='ocrx_word' id='word_1_162' title='bbox 182 3722 247 3796; x_wconf 78' lang='lat' dir='ltr'>uix</span> <span class='ocrx_word' id='word_1_163' title='bbox 267 3719 392 3796; x_wconf 88' lang='lat' dir='ltr'>animo</span> <span class='ocrx_word' id='word_1_164' title='bbox 407 3720 577 3818; x_wconf 84' lang='lat' dir='ltr'>uotisque</span> <span class='ocrx_word' id='word_1_165' title='bbox 593 3719 800 3819; x_wconf 87' lang='lat' dir='ltr'>praecipere</span> <span class='ocrx_word' id='word_1_166' title='bbox 816 3722 948 3821; x_wconf 87' lang='lat' dir='ltr'>potuit</span> <span class='ocrx_word' id='word_1_167' title='bbox 1008 3731 1009 3734; x_wconf 68' lang='lat'>‘</span> 
     </span>
    </p>
   </div>
   <div class='ocr_carea' id='block_1_4' title="bbox 180 3936 1233 4392">
    <p class='ocr_par' dir='ltr' id='par_1_10' title="bbox 180 3936 1233 4275">
     <span class='ocr_line' id='line_1_26' title="bbox 293 3936 1233 4046; baseline 0.003 -24"><span class='ocrx_word' id='word_1_168' title='bbox 293 3942 383 4037; x_wconf 85' lang='lat' dir='ltr'>Quo</span> <span class='ocrx_word' id='word_1_169' title='bbox 408 3936 531 4046; x_wconf 87' lang='lat' dir='ltr'>itaque</span> <span class='ocrx_word' id='word_1_170' title='bbox 556 3943 677 4035; x_wconf 87' lang='lat' dir='ltr'>sensu,</span> <span class='ocrx_word' id='word_1_171' title='bbox 716 3967 794 4045; x_wconf 93' lang='lat' dir='ltr'>quo</span> <span class='ocrx_word' id='word_1_172' title='bbox 816 3942 945 4022; x_wconf 76' lang='lat' dir='ltr'>affeetu</span> <span class='ocrx_word' id='word_1_173' title='bbox 964 3945 1151 4025; x_wconf 73' lang='lat' dir='ltr'>conrados</span> <span class='ocrx_word' id='word_1_174' title='bbox 1168 3943 1233 4025; x_wconf 80' lang='lat' dir='ltr'>eise</span> 
     </span>
     <span class='ocr_line' id='line_1_27' title="bbox 180 4052 1230 4166; baseline 0.006 -33"><span class='ocrx_word' id='word_1_175' title='bbox 180 4052 320 4165; x_wconf 79' lang='lat' dir='ltr'>ueceffe</span> <span class='ocrx_word' id='word_1_176' title='bbox 341 4059 392 4134; x_wconf 88' lang='lat' dir='ltr'>est</span> <span class='ocrx_word' id='word_1_177' title='bbox 413 4081 501 4149; x_wconf 86' lang='lat' dir='ltr'>nos,</span> <span class='ocrx_word' id='word_1_178' title='bbox 541 4061 584 4134; x_wconf 89' lang='lat' dir='ltr'>ad</span> <span class='ocrx_word' id='word_1_179' title='bbox 605 4082 699 4159; x_wconf 83' lang='lat' dir='ltr'>quos</span> <span class='ocrx_word' id='word_1_180' title='bbox 716 4059 847 4137; x_wconf 86' lang='lat' dir='ltr'>horum</span> <span class='ocrx_word' id='word_1_181' title='bbox 865 4060 1050 4137; x_wconf 89' lang='lat' dir='ltr'>bonorum</span> <span class='ocrx_word' id='word_1_182' title='bbox 1066 4066 1230 4166; x_wconf 86' lang='lat' dir='ltr'>omniuru</span> 
     </span>
     <span class='ocr_line' id='line_1_28' title="bbox 181 4169 1229 4275; baseline 0.005 -28"><span class='ocrx_word' id='word_1_183' title='bbox 181 4169 315 4248; x_wconf 70' lang='lat' dir='ltr'>fruitus</span> <span class='ocrx_word' id='word_1_184' title='bbox 339 4193 383 4248; x_wconf 87' lang='lat' dir='ltr'>ac</span> <span class='ocrx_word' id='word_1_185' title='bbox 399 4174 594 4250; x_wconf 81' lang='lat' dir='ltr'>commoda</span> <span class='ocrx_word' id='word_1_186' title='bbox 607 4173 831 4251; x_wconf 89' lang='lat' dir='ltr'>redundant!</span> <span class='ocrx_word' id='word_1_187' title='bbox 861 4171 950 4267; x_wconf 83' lang='lat' dir='ltr'>Quo</span> <span class='ocrx_word' id='word_1_188' title='bbox 964 4176 1105 4275; x_wconf 87' lang='lat' dir='ltr'>primus</span> <span class='ocrx_word' id='word_1_189' title='bbox 1122 4177 1229 4252; x_wconf 87' lang='lat' dir='ltr'>animi</span> 
     </span>
    </p>

    <p class='ocr_par' dir='ltr' id='par_1_11' title="bbox 560 4289 1228 4392">
     <span class='ocr_line' id='line_1_29' title="bbox 560 4289 1228 4392; baseline 0.001 -27"><span class='ocrx_word' id='word_1_190' title='bbox 560 4307 564 4312; x_wconf 82' lang='grc'><em>·</em></span> <span class='ocrx_word' id='word_1_191' title='bbox 882 4300 886 4308; x_wconf 89' lang='grc'>’</span> <span class='ocrx_word' id='word_1_192' title='bbox 911 4293 924 4304; x_wconf 82' lang='grc'><strong>”</strong></span> <span class='ocrx_word' id='word_1_193' title='bbox 957 4289 961 4295; x_wconf 69' lang='grc'><em>’</em></span> <span class='ocrx_word' id='word_1_194' title='bbox 1119 4293 1228 4392; x_wconf 88' lang='lat' dir='ltr'>impe·</span> 
     </span>
    </p>
   </div>
   <div class='ocr_carea' id='block_1_5' title="bbox 239 4531 747 4639">
    <p class='ocr_par' dir='ltr' id='par_1_12' title="bbox 239 4531 747 4639">
     <span class='ocr_line' id='line_1_30' title="bbox 239 4531 747 4639; baseline 0 -25"><span class='ocrx_word' id='word_1_195' title='bbox 239 4531 276 4614; x_wconf 77' lang='lat' dir='ltr'>r)</span> <span class='ocrx_word' id='word_1_196' title='bbox 295 4533 376 4615; x_wconf 74' lang='lat'>128⁶</span> <span class='ocrx_word' id='word_1_197' title='bbox 485 4535 663 4616; x_wconf 62' lang='lat' dir='ltr'>stertat</span> <span class='ocrx_word' id='word_1_198' title='bbox 742 4620 747 4639; x_wconf 55' lang='grc'><em>,</em></span> 
     </span>
    </p>
   </div>
   <div class='ocr_carea' id='block_1_6' title="bbox 0 0 1294 5086">
    <p class='ocr_par' dir='ltr' id='par_1_13' title="bbox 0 0 1294 5086">
     <span class='ocr_line' id='line_1_31' title="bbox 0 0 1294 5086; baseline 0 4"><span class='ocrx_word' id='word_1_199' title='bbox 0 0 1294 5086; x_wconf 95' lang='lat' dir='ltr'> </span> 
     </span>
    </p>
   </div>
  </div>
 </body>
</html>
