<?xml version="1.0" encoding="UTF-8"?>
<!DOCTYPE html PUBLIC "-//W3C//DTD XHTML 1.0 Transitional//EN"
    "http://www.w3.org/TR/xhtml1/DTD/xhtml1-transitional.dtd">
<html xmlns="http://www.w3.org/1999/xhtml" xml:lang="en" lang="en">
 <head>
  <title>
</title>
<meta http-equiv="Content-Type" content="text/html;charset=utf-8" />
  <meta name='ocr-system' content='tesseract 3.04.00' />
  <meta name='ocr-capabilities' content='ocr_page ocr_carea ocr_par ocr_line ocrx_word'/>
</head>
<body>
  <div class='ocr_page' id='page_1' title='image "./chrgheyniiprofe00heyngoog_0040.png"; bbox 0 0 2496 4936; ppageno 0'>
   <div class='ocr_carea' id='block_1_1' title="bbox 3 804 1230 4445">
    <p class='ocr_par' dir='ltr' id='par_1_1' title="bbox 3 804 1230 4445">
     <span class='ocr_line' id='line_1_1' title="bbox 35 804 1139 903; baseline 0.001 -11"><span class='ocrx_word' id='word_1_1' title='bbox 35 811 182 903; x_wconf 79' lang='lat' dir='ltr'>babuit,</span> <span class='ocrx_word' id='word_1_2' title='bbox 223 811 282 890; x_wconf 85' lang='lat' dir='ltr'>ad</span> <span class='ocrx_word' id='word_1_3' title='bbox 311 812 477 890; x_wconf 88' lang='lat' dir='ltr'>sormam</span> <span class='ocrx_word' id='word_1_4' title='bbox 498 808 698 886; x_wconf 86' lang='lat' dir='ltr'>humanam</span> <span class='ocrx_word' id='word_1_5' title='bbox 714 804 866 888; x_wconf 87' lang='lat' dir='ltr'>Graecia</span> <span class='ocrx_word' id='word_1_6' title='bbox 886 829 1038 893; x_wconf 81' lang='lat' dir='ltr'>omnem</span> <span class='ocrx_word' id='word_1_7' title='bbox 1054 816 1139 894; x_wconf 90' lang='lat' dir='ltr'>reli-</span> 
     </span>
     <span class='ocr_line' id='line_1_2' title="bbox 44 925 1140 1029; baseline 0.004 -23"><span class='ocrx_word' id='word_1_8' title='bbox 44 934 190 1029; x_wconf 82' lang='lat' dir='ltr'>gionem</span> <span class='ocrx_word' id='word_1_9' title='bbox 212 929 448 1012; x_wconf 87' lang='lat' dir='ltr'>reuocauit,</span> <span class='ocrx_word' id='word_1_10' title='bbox 467 937 505 999; x_wconf 92' lang='lat' dir='ltr'>et</span> <span class='ocrx_word' id='word_1_11' title='bbox 521 944 617 997; x_wconf 80' lang='lat' dir='ltr'>nero</span> <span class='ocrx_word' id='word_1_12' title='bbox 629 944 801 1000; x_wconf 88' lang='lat' dir='ltr'>reuocare</span> <span class='ocrx_word' id='word_1_13' title='bbox 816 925 953 1004; x_wconf 80' lang='lat' dir='ltr'>debuit</span> <span class='ocrx_word' id='word_1_14' title='bbox 1013 930 1140 1025; x_wconf 89' lang='lat' dir='ltr'>Quam</span> 
     </span>
     <span class='ocr_line' id='line_1_3' title="bbox 48 1034 1141 1141; baseline 0.004 -21"><span class='ocrx_word' id='word_1_15' title='bbox 48 1048 135 1121; x_wconf 82' lang='lat' dir='ltr'>enim</span> <span class='ocrx_word' id='word_1_16' title='bbox 175 1044 368 1119; x_wconf 89' lang='lat' dir='ltr'>numinis</span> <span class='ocrx_word' id='word_1_17' title='bbox 411 1038 569 1115; x_wconf 90' lang='lat' dir='ltr'>sormam</span> <span class='ocrx_word' id='word_1_18' title='bbox 592 1057 634 1112; x_wconf 91' lang='lat' dir='ltr'>ac</span> <span class='ocrx_word' id='word_1_19' title='bbox 664 1034 822 1136; x_wconf 88' lang='lat' dir='ltr'>speciem</span> <span class='ocrx_word' id='word_1_20' title='bbox 858 1037 1035 1141; x_wconf 80' lang='lat' dir='ltr'>effingunt</span> <span class='ocrx_word' id='word_1_21' title='bbox 1075 1060 1141 1124; x_wconf 86' lang='lat' dir='ltr'>aut</span> 
     </span>
     <span class='ocr_line' id='line_1_4' title="bbox 50 1148 1190 1254; baseline -0.007 -17"><span class='ocrx_word' id='word_1_22' title='bbox 50 1157 247 1237; x_wconf 83' lang='lat' dir='ltr'>nentesua</span> <span class='ocrx_word' id='word_1_23' title='bbox 264 1148 1141 1254; x_wconf 82' lang='lat' dir='ltr'>cogitenthominesaliampraeterquamsuam?</span> <span class='ocrx_word' id='word_1_24' title='bbox 1171 1185 1190 1229; x_wconf 66' lang='lat' dir='ltr'>a</span> 
     </span>
     <span class='ocr_line' id='line_1_5' title="bbox 53 1264 1145 1374; baseline 0.001 -24"><span class='ocrx_word' id='word_1_25' title='bbox 53 1270 179 1374; x_wconf 77' lang='lat' dir='ltr'>loque</span> <span class='ocrx_word' id='word_1_26' title='bbox 216 1293 294 1369; x_wconf 89' lang='lat' dir='ltr'>per</span> <span class='ocrx_word' id='word_1_27' title='bbox 336 1288 491 1344; x_wconf 88' lang='lat' dir='ltr'>omnem</span> <span class='ocrx_word' id='word_1_28' title='bbox 522 1264 808 1361; x_wconf 85' lang='lat' dir='ltr'>septentrionem</span> <span class='ocrx_word' id='word_1_29' title='bbox 840 1281 878 1343; x_wconf 89' lang='lat' dir='ltr'>et</span> <span class='ocrx_word' id='word_1_30' title='bbox 909 1285 1072 1348; x_wconf 87' lang='lat' dir='ltr'>veterum</span> <span class='ocrx_word' id='word_1_31' title='bbox 1105 1287 1145 1351; x_wconf 82' lang='lat' dir='ltr'>et</span> 
     </span>
     <span class='ocr_line' id='line_1_6' title="bbox 59 1376 1143 1481; baseline 0 -18"><span class='ocrx_word' id='word_1_32' title='bbox 59 1388 272 1463; x_wconf 82' lang='lat' dir='ltr'>nostrorum</span> <span class='ocrx_word' id='word_1_33' title='bbox 304 1396 519 1481; x_wconf 87' lang='lat' dir='ltr'>temporum</span> <span class='ocrx_word' id='word_1_34' title='bbox 542 1376 708 1453; x_wconf 82' lang='lat' dir='ltr'>constans</span> <span class='ocrx_word' id='word_1_35' title='bbox 724 1379 774 1454; x_wconf 88' lang='lat' dir='ltr'>est</span> <span class='ocrx_word' id='word_1_36' title='bbox 797 1380 1035 1459; x_wconf 87' lang='lat' dir='ltr'>barbarorum</span> <span class='ocrx_word' id='word_1_37' title='bbox 1048 1410 1143 1479; x_wconf 93' lang='lat' dir='ltr'>mos,</span> 
     </span>
     <span class='ocr_line' id='line_1_7' title="bbox 64 1491 1144 1592; baseline 0 -14"><span class='ocrx_word' id='word_1_38' title='bbox 64 1504 167 1578; x_wconf 80' lang='lat' dir='ltr'>etiam</span> <span class='ocrx_word' id='word_1_39' title='bbox 209 1502 254 1574; x_wconf 90' lang='lat' dir='ltr'>in</span> <span class='ocrx_word' id='word_1_40' title='bbox 289 1491 477 1572; x_wconf 86' lang='lat' dir='ltr'>rudillima</span> <span class='ocrx_word' id='word_1_41' title='bbox 509 1504 614 1578; x_wconf 88' lang='lat' dir='ltr'>arte,</span> <span class='ocrx_word' id='word_1_42' title='bbox 669 1493 900 1592; x_wconf 87' lang='lat' dir='ltr'>exprimendi</span> <span class='ocrx_word' id='word_1_43' title='bbox 934 1495 1024 1574; x_wconf 91' lang='lat' dir='ltr'>deos</span> <span class='ocrx_word' id='word_1_44' title='bbox 1059 1499 1144 1578; x_wconf 86' lang='lat' dir='ltr'>suos</span> 
     </span>
     <span class='ocr_line' id='line_1_8' title="bbox 65 1602 1143 1693; baseline -0.001 -1"><span class='ocrx_word' id='word_1_45' title='bbox 65 1616 153 1693; x_wconf 88' lang='lat' dir='ltr'>iacie</span> <span class='ocrx_word' id='word_1_46' title='bbox 180 1612 364 1689; x_wconf 82' lang='lat' dir='ltr'>humana</span> <span class='ocrx_word' id='word_1_47' title='bbox 429 1604 484 1683; x_wconf 81' lang='lat' dir='ltr'>Vt</span> <span class='ocrx_word' id='word_1_48' title='bbox 505 1627 595 1680; x_wconf 85' lang='lat' dir='ltr'>vero</span> <span class='ocrx_word' id='word_1_49' title='bbox 621 1602 666 1679; x_wconf 91' lang='lat' dir='ltr'>ad</span> <span class='ocrx_word' id='word_1_50' title='bbox 695 1607 938 1685; x_wconf 90' lang='lat' dir='ltr'>animantium</span> <span class='ocrx_word' id='word_1_51' title='bbox 951 1611 1088 1689; x_wconf 86' lang='lat' dir='ltr'>formas</span> <span class='ocrx_word' id='word_1_52' title='bbox 1103 1617 1143 1691; x_wconf 92' lang='lat' dir='ltr'>in</span> 
     </span>
     <span class='ocr_line' id='line_1_9' title="bbox 70 1716 1145 1824; baseline -0.007 -20"><span class='ocrx_word' id='word_1_53' title='bbox 70 1729 196 1804; x_wconf 89' lang='lat' dir='ltr'>diuina</span> <span class='ocrx_word' id='word_1_54' title='bbox 222 1725 348 1824; x_wconf 90' lang='lat' dir='ltr'>specie</span> <span class='ocrx_word' id='word_1_55' title='bbox 374 1716 581 1818; x_wconf 88' lang='lat' dir='ltr'>effingenda</span> <span class='ocrx_word' id='word_1_56' title='bbox 610 1719 819 1795; x_wconf 86' lang='lat' dir='ltr'>aberrarent</span> <span class='ocrx_word' id='word_1_57' title='bbox 852 1721 1045 1816; x_wconf 85' lang='lat' dir='ltr'>homines,</span> <span class='ocrx_word' id='word_1_58' title='bbox 1092 1728 1145 1805; x_wconf 86' lang='lat' dir='ltr'>sa.</span> 
     </span>
     <span class='ocr_line' id='line_1_10' title="bbox 3 1828 1142 1941; baseline 0.001 -23"><span class='ocrx_word' id='word_1_59' title='bbox 3 1828 7 1847; x_wconf 63' lang='lat'><em>¹</em></span> <span class='ocrx_word' id='word_1_60' title='bbox 72 1842 166 1918; x_wconf 80' lang='lat' dir='ltr'>dum</span> <span class='ocrx_word' id='word_1_61' title='bbox 191 1840 271 1926; x_wconf 85' lang='lat' dir='ltr'>est,</span> <span class='ocrx_word' id='word_1_62' title='bbox 311 1860 354 1913; x_wconf 89' lang='lat' dir='ltr'>ac</span> <span class='ocrx_word' id='word_1_63' title='bbox 375 1834 454 1912; x_wconf 77' lang='lat' dir='ltr'>steri</span> <span class='ocrx_word' id='word_1_64' title='bbox 479 1833 625 1921; x_wconf 88' lang='lat' dir='ltr'>debuit,</span> <span class='ocrx_word' id='word_1_65' title='bbox 661 1833 843 1910; x_wconf 90' lang='lat' dir='ltr'>intereos</span> <span class='ocrx_word' id='word_1_66' title='bbox 868 1838 1046 1938; x_wconf 87' lang='lat' dir='ltr'>populos,</span> <span class='ocrx_word' id='word_1_67' title='bbox 1075 1845 1142 1941; x_wconf 91' lang='lat' dir='ltr'>qui</span> 
     </span>
     <span class='ocr_line' id='line_1_11' title="bbox 73 1946 1145 2052; baseline 0.001 -21"><span class='ocrx_word' id='word_1_68' title='bbox 73 1952 334 2052; x_wconf 76' lang='lat' dir='ltr'>hieroglyphis</span> <span class='ocrx_word' id='word_1_69' title='bbox 360 1972 402 2026; x_wconf 90' lang='lat' dir='ltr'>ac</span> <span class='ocrx_word' id='word_1_70' title='bbox 417 1946 595 2049; x_wconf 82' lang='lat' dir='ltr'>symbolis</span> <span class='ocrx_word' id='word_1_71' title='bbox 612 1969 631 2020; x_wconf 92' lang='lat' dir='ltr'>a</span> <span class='ocrx_word' id='word_1_72' title='bbox 646 1959 774 2022; x_wconf 88' lang='lat' dir='ltr'>natura</span> <span class='ocrx_word' id='word_1_73' title='bbox 788 1971 853 2046; x_wconf 92' lang='lat' dir='ltr'>per</span> <span class='ocrx_word' id='word_1_74' title='bbox 869 1949 988 2028; x_wconf 88' lang='lat' dir='ltr'>sensus</span> <span class='ocrx_word' id='word_1_75' title='bbox 1004 1955 1145 2034; x_wconf 73' lang='lat' dir='ltr'>obiesta</span> 
     </span>
     <span class='ocr_line' id='line_1_12' title="bbox 76 2059 1148 2146; baseline 0 -1"><span class='ocrx_word' id='word_1_76' title='bbox 76 2067 190 2146; x_wconf 65' lang='lat' dir='ltr'>dusiis</span> <span class='ocrx_word' id='word_1_77' title='bbox 222 2068 398 2141; x_wconf 86' lang='lat' dir='ltr'>notiones</span> <span class='ocrx_word' id='word_1_78' title='bbox 424 2063 630 2138; x_wconf 86' lang='lat' dir='ltr'>animorum</span> <span class='ocrx_word' id='word_1_79' title='bbox 657 2059 849 2137; x_wconf 86' lang='lat' dir='ltr'>declarare·</span> <span class='ocrx_word' id='word_1_80' title='bbox 863 2062 958 2140; x_wconf 88' lang='lat' dir='ltr'>soliti</span> <span class='ocrx_word' id='word_1_81' title='bbox 981 2065 1066 2142; x_wconf 90' lang='lat' dir='ltr'>sunt</span> <span class='ocrx_word' id='word_1_82' title='bbox 1083 2083 1148 2145; x_wconf 86' lang='lat' dir='ltr'>aut</span> 
     </span>
     <span class='ocr_line' id='line_1_13' title="bbox 79 2172 1149 2271; baseline 0.001 -13"><span class='ocrx_word' id='word_1_83' title='bbox 79 2183 198 2259; x_wconf 88' lang='lat' dir='ltr'>adhuc</span> <span class='ocrx_word' id='word_1_84' title='bbox 222 2178 357 2257; x_wconf 82' lang='lat' dir='ltr'>solent</span> <span class='ocrx_word' id='word_1_85' title='bbox 424 2172 620 2253; x_wconf 88' lang='lat' dir='ltr'>Recedunt</span> <span class='ocrx_word' id='word_1_86' title='bbox 640 2173 724 2250; x_wconf 88' lang='lat' dir='ltr'>hia</span> <span class='ocrx_word' id='word_1_87' title='bbox 754 2187 882 2252; x_wconf 85' lang='lat' dir='ltr'>natura</span> <span class='ocrx_word' id='word_1_88' title='bbox 915 2177 1075 2271; x_wconf 85' lang='lat' dir='ltr'>humana</span> <span class='ocrx_word' id='word_1_89' title='bbox 1108 2185 1149 2260; x_wconf 90' lang='lat' dir='ltr'>in</span> 
     </span>
     <span class='ocr_line' id='line_1_14' title="bbox 81 2286 1230 2394; baseline -0.001 -21"><span class='ocrx_word' id='word_1_90' title='bbox 81 2298 168 2384; x_wconf 80' lang='lat' dir='ltr'>diis,</span> <span class='ocrx_word' id='word_1_91' title='bbox 205 2291 361 2394; x_wconf 91' lang='lat' dir='ltr'>quando</span> <span class='ocrx_word' id='word_1_92' title='bbox 378 2288 551 2390; x_wconf 86' lang='lat' dir='ltr'>quidem,</span> <span class='ocrx_word' id='word_1_93' title='bbox 578 2286 624 2363; x_wconf 91' lang='lat' dir='ltr'>de</span> <span class='ocrx_word' id='word_1_94' title='bbox 655 2288 698 2362; x_wconf 88' lang='lat' dir='ltr'>iis</span> <span class='ocrx_word' id='word_1_95' title='bbox 720 2310 815 2388; x_wconf 89' lang='lat' dir='ltr'>quae</span> <span class='ocrx_word' id='word_1_96' title='bbox 834 2292 960 2368; x_wconf 88' lang='lat' dir='ltr'>animo</span> <span class='ocrx_word' id='word_1_97' title='bbox 977 2293 1148 2386; x_wconf 89' lang='lat' dir='ltr'>sentiunt,</span> <span class='ocrx_word' id='word_1_98' title='bbox 1224 2335 1230 2346; x_wconf 91' lang='lat'><em>·</em></span> 
     </span>
     <span class='ocr_line' id='line_1_15' title="bbox 81 2399 1152 2510; baseline 0 -24"><span class='ocrx_word' id='word_1_99' title='bbox 81 2433 210 2510; x_wconf 85' lang='lat' dir='ltr'>parum</span> <span class='ocrx_word' id='word_1_100' title='bbox 239 2406 421 2508; x_wconf 84' lang='lat' dir='ltr'>explicita·</span> <span class='ocrx_word' id='word_1_101' title='bbox 438 2418 475 2479; x_wconf 90' lang='lat' dir='ltr'>et</span> <span class='ocrx_word' id='word_1_102' title='bbox 498 2399 705 2498; x_wconf 84' lang='lat' dir='ltr'>explorata,</span> <span class='ocrx_word' id='word_1_103' title='bbox 733 2425 803 2478; x_wconf 85' lang='lat' dir='ltr'>nec</span> <span class='ocrx_word' id='word_1_104' title='bbox 828 2407 947 2481; x_wconf 87' lang='lat' dir='ltr'>verbis</span> <span class='ocrx_word' id='word_1_105' title='bbox 976 2431 1046 2484; x_wconf 90' lang='lat' dir='ltr'>nec</span> <span class='ocrx_word' id='word_1_106' title='bbox 1068 2408 1152 2486; x_wconf 90' lang='lat' dir='ltr'>scri-</span> 
     </span>
     <span class='ocr_line' id='line_1_16' title="bbox 24 2514 1151 2625; baseline -0.002 -23"><span class='ocrx_word' id='word_1_107' title='bbox 24 2528 26 2536; x_wconf 83' lang='lat'>&#39;</span> <span class='ocrx_word' id='word_1_108' title='bbox 83 2541 188 2625; x_wconf 86' lang='lat' dir='ltr'>ptura</span> <span class='ocrx_word' id='word_1_109' title='bbox 214 2518 411 2619; x_wconf 90' lang='lat' dir='ltr'>quomodo</span> <span class='ocrx_word' id='word_1_110' title='bbox 432 2514 630 2594; x_wconf 86' lang='lat' dir='ltr'>commode</span> <span class='ocrx_word' id='word_1_111' title='bbox 654 2515 829 2602; x_wconf 87' lang='lat' dir='ltr'>reddant,</span> <span class='ocrx_word' id='word_1_112' title='bbox 860 2520 898 2593; x_wconf 92' lang='lat' dir='ltr'>in</span> <span class='ocrx_word' id='word_1_113' title='bbox 916 2536 1065 2618; x_wconf 90' lang='lat' dir='ltr'>promtu</span> <span class='ocrx_word' id='word_1_114' title='bbox 1088 2525 1151 2600; x_wconf 88' lang='lat' dir='ltr'>ba-</span> 
     </span>
     <span class='ocr_line' id='line_1_17' title="bbox 84 2628 1152 2729; baseline 0.001 -15"><span class='ocrx_word' id='word_1_115' title='bbox 84 2640 190 2714; x_wconf 86' lang='lat' dir='ltr'>bent:</span> <span class='ocrx_word' id='word_1_116' title='bbox 232 2633 399 2712; x_wconf 84' lang='lat' dir='ltr'>Obscura</span> <span class='ocrx_word' id='word_1_117' title='bbox 426 2633 549 2729; x_wconf 90' lang='lat' dir='ltr'>itaque</span> <span class='ocrx_word' id='word_1_118' title='bbox 572 2652 638 2728; x_wconf 89' lang='lat' dir='ltr'>per</span> <span class='ocrx_word' id='word_1_119' title='bbox 663 2628 784 2707; x_wconf 90' lang='lat' dir='ltr'>multo</span> <span class='ocrx_word' id='word_1_120' title='bbox 807 2634 916 2709; x_wconf 88' lang='lat' dir='ltr'>etiam</span> <span class='ocrx_word' id='word_1_121' title='bbox 940 2635 1152 2715; x_wconf 83' lang='lat' dir='ltr'>obscuriora</span> 
     </span>
     <span class='ocr_line' id='line_1_18' title="bbox 87 2744 1153 2851; baseline 0.001 -24"><span class='ocrx_word' id='word_1_122' title='bbox 87 2755 324 2851; x_wconf 82' lang='lat' dir='ltr'>exprimunt,</span> <span class='ocrx_word' id='word_1_123' title='bbox 350 2769 370 2821; x_wconf 90' lang='lat' dir='ltr'>a</span> <span class='ocrx_word' id='word_1_124' title='bbox 387 2744 504 2841; x_wconf 82' lang='lat' dir='ltr'>vulgo</span> <span class='ocrx_word' id='word_1_125' title='bbox 521 2766 612 2820; x_wconf 82' lang='lat' dir='ltr'>mox</span> <span class='ocrx_word' id='word_1_126' title='bbox 626 2745 782 2820; x_wconf 90' lang='lat' dir='ltr'>omnino</span> <span class='ocrx_word' id='word_1_127' title='bbox 798 2748 964 2844; x_wconf 83' lang='lat' dir='ltr'>ignorata</span> <span class='ocrx_word' id='word_1_128' title='bbox 980 2764 1016 2824; x_wconf 89' lang='lat' dir='ltr'>ct</span> <span class='ocrx_word' id='word_1_129' title='bbox 1031 2750 1153 2829; x_wconf 89' lang='lat' dir='ltr'>seruili</span> 
     </span>
     <span class='ocr_line' id='line_1_19' title="bbox 87 2853 1154 2965; baseline 0.001 -24"><span class='ocrx_word' id='word_1_130' title='bbox 87 2866 236 2965; x_wconf 82' lang='lat' dir='ltr'>stupore</span> <span class='ocrx_word' id='word_1_131' title='bbox 262 2875 400 2937; x_wconf 89' lang='lat' dir='ltr'>temere</span> <span class='ocrx_word' id='word_1_132' title='bbox 424 2859 588 2958; x_wconf 82' lang='lat' dir='ltr'>repetita.</span> <span class='ocrx_word' id='word_1_133' title='bbox 646 2853 788 2933; x_wconf 86' lang='lat' dir='ltr'>Verum</span> <span class='ocrx_word' id='word_1_134' title='bbox 805 2862 843 2935; x_wconf 94' lang='lat' dir='ltr'>in</span> <span class='ocrx_word' id='word_1_135' title='bbox 868 2858 1020 2940; x_wconf 84' lang='lat' dir='ltr'>Graecia</span> <span class='ocrx_word' id='word_1_136' title='bbox 1037 2866 1154 2942; x_wconf 86' lang='lat' dir='ltr'>multa</span> 
     </span>
     <span class='ocr_line' id='line_1_20' title="bbox 88 2970 1156 3078; baseline 0.001 -24"><span class='ocrx_word' id='word_1_137' title='bbox 88 3000 267 3066; x_wconf 86' lang='lat' dir='ltr'>euenere,</span> <span class='ocrx_word' id='word_1_138' title='bbox 311 2994 406 3073; x_wconf 87' lang='lat' dir='ltr'>quae</span> <span class='ocrx_word' id='word_1_139' title='bbox 433 2970 512 3046; x_wconf 87' lang='lat' dir='ltr'>aliis</span> <span class='ocrx_word' id='word_1_140' title='bbox 540 2971 699 3048; x_wconf 85' lang='lat' dir='ltr'>barbaris</span> <span class='ocrx_word' id='word_1_141' title='bbox 722 2995 801 3048; x_wconf 92' lang='lat' dir='ltr'>non</span> <span class='ocrx_word' id='word_1_142' title='bbox 828 2978 1035 3074; x_wconf 91' lang='lat' dir='ltr'>contigere,</span> <span class='ocrx_word' id='word_1_143' title='bbox 1072 2981 1156 3078; x_wconf 91' lang='lat' dir='ltr'>qui·</span> 
     </span>
     <span class='ocr_line' id='line_1_21' title="bbox 88 3084 1154 3190; baseline 0 -22"><span class='ocrx_word' id='word_1_144' title='bbox 88 3093 239 3190; x_wconf 87' lang='lat' dir='ltr'>busque</span> <span class='ocrx_word' id='word_1_145' title='bbox 264 3088 359 3164; x_wconf 88' lang='lat' dir='ltr'>adeo</span> <span class='ocrx_word' id='word_1_146' title='bbox 381 3084 548 3162; x_wconf 72' lang='lat' dir='ltr'>effectum</span> <span class='ocrx_word' id='word_1_147' title='bbox 575 3084 643 3173; x_wconf 88' lang='lat' dir='ltr'>est,</span> <span class='ocrx_word' id='word_1_148' title='bbox 673 3100 714 3160; x_wconf 82' lang='lat' dir='ltr'>vt</span> <span class='ocrx_word' id='word_1_149' title='bbox 731 3087 776 3161; x_wconf 86' lang='lat' dir='ltr'>ab</span> <span class='ocrx_word' id='word_1_150' title='bbox 792 3111 837 3163; x_wconf 86' lang='lat' dir='ltr'>eo</span> <span class='ocrx_word' id='word_1_151' title='bbox 859 3087 1008 3167; x_wconf 82' lang='lat' dir='ltr'>feritatis</span> <span class='ocrx_word' id='word_1_152' title='bbox 1024 3091 1154 3190; x_wconf 86' lang='lat' dir='ltr'>gradu,</span> 
     </span>
     <span class='ocr_line' id='line_1_22' title="bbox 89 3198 1155 3305; baseline -0.001 -22"><span class='ocrx_word' id='word_1_153' title='bbox 89 3207 130 3283; x_wconf 93' lang='lat' dir='ltr'>in</span> <span class='ocrx_word' id='word_1_154' title='bbox 160 3227 243 3305; x_wconf 90' lang='lat' dir='ltr'>quo</span> <span class='ocrx_word' id='word_1_155' title='bbox 275 3201 394 3278; x_wconf 86' lang='lat' dir='ltr'>adhuc</span> <span class='ocrx_word' id='word_1_156' title='bbox 414 3198 524 3275; x_wconf 85' lang='lat' dir='ltr'>multi</span> <span class='ocrx_word' id='word_1_157' title='bbox 553 3198 686 3297; x_wconf 91' lang='lat' dir='ltr'>populi</span> <span class='ocrx_word' id='word_1_158' title='bbox 707 3199 915 3291; x_wconf 86' lang='lat' dir='ltr'>subfistunt,</span> <span class='ocrx_word' id='word_1_159' title='bbox 950 3203 996 3280; x_wconf 93' lang='lat' dir='ltr'>ad</span> <span class='ocrx_word' id='word_1_160' title='bbox 1024 3204 1155 3283; x_wconf 88' lang='lat' dir='ltr'>melio·</span> 
     </span>
     <span class='ocr_line' id='line_1_23' title="bbox 89 3312 1158 3413; baseline -0.001 -17"><span class='ocrx_word' id='word_1_161' title='bbox 89 3344 171 3396; x_wconf 88' lang='lat' dir='ltr'>rem</span> <span class='ocrx_word' id='word_1_162' title='bbox 199 3316 344 3394; x_wconf 88' lang='lat' dir='ltr'>cultum</span> <span class='ocrx_word' id='word_1_163' title='bbox 359 3312 424 3412; x_wconf 78' lang='lat' dir='ltr'>ipsi</span> <span class='ocrx_word' id='word_1_164' title='bbox 440 3313 757 3413; x_wconf 82' lang='lat' dir='ltr'>progrederentur.</span> <span class='ocrx_word' id='word_1_165' title='bbox 816 3312 979 3392; x_wconf 86' lang='lat' dir='ltr'>Primum</span> <span class='ocrx_word' id='word_1_166' title='bbox 995 3318 1158 3395; x_wconf 82' lang='lat' dir='ltr'>aduenae</span> 
     </span>
     <span class='ocr_line' id='line_1_24' title="bbox 92 3426 1161 3528; baseline 0.002 -19"><span class='ocrx_word' id='word_1_167' title='bbox 92 3457 141 3509; x_wconf 84' lang='lat' dir='ltr'>cx</span> <span class='ocrx_word' id='word_1_168' title='bbox 172 3431 253 3506; x_wconf 89' lang='lat' dir='ltr'>aliis</span> <span class='ocrx_word' id='word_1_169' title='bbox 284 3427 453 3528; x_wconf 90' lang='lat' dir='ltr'>populis,</span> <span class='ocrx_word' id='word_1_170' title='bbox 495 3429 632 3503; x_wconf 86' lang='lat' dir='ltr'>maiore</span> <span class='ocrx_word' id='word_1_171' title='bbox 658 3426 914 3524; x_wconf 86' lang='lat' dir='ltr'>ingeniorum,</span> <span class='ocrx_word' id='word_1_172' title='bbox 963 3432 1094 3508; x_wconf 90' lang='lat' dir='ltr'>artium</span> <span class='ocrx_word' id='word_1_173' title='bbox 1123 3451 1161 3511; x_wconf 87' lang='lat' dir='ltr'>et</span> 
     </span>
     <span class='ocr_line' id='line_1_25' title="bbox 93 3539 1163 3639; baseline -0.001 -16"><span class='ocrx_word' id='word_1_174' title='bbox 93 3546 301 3623; x_wconf 87' lang='lat' dir='ltr'>litterarum</span> <span class='ocrx_word' id='word_1_175' title='bbox 325 3540 468 3619; x_wconf 86' lang='lat' dir='ltr'>cultura</span> <span class='ocrx_word' id='word_1_176' title='bbox 496 3539 689 3638; x_wconf 87' lang='lat' dir='ltr'>expolitis,</span> <span class='ocrx_word' id='word_1_177' title='bbox 722 3540 920 3639; x_wconf 84' lang='lat' dir='ltr'>religiones</span> <span class='ocrx_word' id='word_1_178' title='bbox 943 3568 985 3620; x_wconf 90' lang='lat' dir='ltr'>ac</span> <span class='ocrx_word' id='word_1_179' title='bbox 999 3547 1089 3622; x_wconf 92' lang='lat' dir='ltr'>ritus</span> <span class='ocrx_word' id='word_1_180' title='bbox 1103 3549 1163 3621; x_wconf 87' lang='lat' dir='ltr'>in·</span> 
     </span>
     <span class='ocr_line' id='line_1_26' title="bbox 96 3653 1163 3755; baseline 0 -19"><span class='ocrx_word' id='word_1_181' title='bbox 96 3660 237 3746; x_wconf 84' lang='lat' dir='ltr'>tulere,</span> <span class='ocrx_word' id='word_1_182' title='bbox 255 3655 282 3732; x_wconf 84' lang='lat' dir='ltr'><strong>fi</strong></span> <span class='ocrx_word' id='word_1_183' title='bbox 303 3678 381 3731; x_wconf 93' lang='lat' dir='ltr'>non</span> <span class='ocrx_word' id='word_1_184' title='bbox 398 3653 555 3730; x_wconf 89' lang='lat' dir='ltr'>saniores</span> <span class='ocrx_word' id='word_1_185' title='bbox 581 3677 623 3730; x_wconf 88' lang='lat' dir='ltr'>ac</span> <span class='ocrx_word' id='word_1_186' title='bbox 646 3654 833 3753; x_wconf 87' lang='lat' dir='ltr'>puriores,</span> <span class='ocrx_word' id='word_1_187' title='bbox 872 3657 1094 3755; x_wconf 79' lang='lat' dir='ltr'>ingeniosius</span> <span class='ocrx_word' id='word_1_188' title='bbox 1109 3675 1163 3738; x_wconf 86' lang='lat' dir='ltr'>ta·</span> 
     </span>
     <span class='ocr_line' id='line_1_27' title="bbox 97 3768 1164 3866; baseline -0.002 -14"><span class='ocrx_word' id='word_1_189' title='bbox 97 3797 187 3852; x_wconf 85' lang='lat' dir='ltr'>men</span> <span class='ocrx_word' id='word_1_190' title='bbox 222 3770 420 3866; x_wconf 86' lang='lat' dir='ltr'>descriptos</span> <span class='ocrx_word' id='word_1_191' title='bbox 452 3782 489 3843; x_wconf 90' lang='lat' dir='ltr'>et</span> <span class='ocrx_word' id='word_1_192' title='bbox 529 3768 769 3855; x_wconf 87' lang='lat' dir='ltr'>constitutos,</span> <span class='ocrx_word' id='word_1_193' title='bbox 812 3782 850 3845; x_wconf 89' lang='lat' dir='ltr'>et</span> <span class='ocrx_word' id='word_1_194' title='bbox 874 3794 921 3845; x_wconf 83' lang='lat' dir='ltr'>ex</span> <span class='ocrx_word' id='word_1_195' title='bbox 946 3774 1164 3850; x_wconf 81' lang='lat' dir='ltr'>notionibus</span> 
     </span>
     <span class='ocr_line' id='line_1_28' title="bbox 99 3879 1164 3984; baseline 0 -19"><span class='ocrx_word' id='word_1_196' title='bbox 99 3890 193 3965; x_wconf 86' lang='lat' dir='ltr'>certi</span> <span class='ocrx_word' id='word_1_197' title='bbox 216 3885 361 3984; x_wconf 87' lang='lat' dir='ltr'>generis</span> <span class='ocrx_word' id='word_1_198' title='bbox 389 3879 673 3982; x_wconf 79' lang='lat' dir='ltr'>philosophicis,</span> <span class='ocrx_word' id='word_1_199' title='bbox 719 3880 847 3979; x_wconf 84' lang='lat' dir='ltr'>quales</span> <span class='ocrx_word' id='word_1_200' title='bbox 881 3884 944 3960; x_wconf 86' lang='lat' dir='ltr'>illa</span> <span class='ocrx_word' id='word_1_201' title='bbox 968 3885 1164 3967; x_wconf 88' lang='lat' dir='ltr'>hominum</span> 
     </span>
     <span class='ocr_line' id='line_1_29' title="bbox 101 3993 1165 4094; baseline 0.003 -17"><span class='ocrx_word' id='word_1_202' title='bbox 101 4015 198 4077; x_wconf 84' lang='lat' dir='ltr'>aetas</span> <span class='ocrx_word' id='word_1_203' title='bbox 228 3998 386 4085; x_wconf 86' lang='lat' dir='ltr'>serebat,</span> <span class='ocrx_word' id='word_1_204' title='bbox 441 3993 685 4093; x_wconf 83' lang='lat' dir='ltr'>compos1t0s;</span> <span class='ocrx_word' id='word_1_205' title='bbox 733 4017 893 4094; x_wconf 90' lang='lat' dir='ltr'>quorum</span> <span class='ocrx_word' id='word_1_206' title='bbox 919 4000 1056 4077; x_wconf 87' lang='lat' dir='ltr'>rituum</span> <span class='ocrx_word' id='word_1_207' title='bbox 1079 4026 1165 4080; x_wconf 88' lang='lat' dir='ltr'>cum</span> 
     </span>
     <span class='ocr_line' id='line_1_30' title="bbox 100 4105 1166 4215; baseline 0.005 -25"><span class='ocrx_word' id='word_1_208' title='bbox 100 4113 200 4191; x_wconf 86' lang='lat' dir='ltr'>haud</span> <span class='ocrx_word' id='word_1_209' title='bbox 227 4113 323 4189; x_wconf 90' lang='lat' dir='ltr'>adeo</span> <span class='ocrx_word' id='word_1_210' title='bbox 346 4132 480 4207; x_wconf 88' lang='lat' dir='ltr'>magna</span> <span class='ocrx_word' id='word_1_211' title='bbox 502 4105 587 4184; x_wconf 84' lang='lat' dir='ltr'>esset</span> <span class='ocrx_word' id='word_1_212' title='bbox 609 4105 861 4185; x_wconf 75' lang='lat' dir='ltr'>dissimilitudo</span> <span class='ocrx_word' id='word_1_213' title='bbox 879 4135 962 4187; x_wconf 89' lang='lat' dir='ltr'>cum</span> <span class='ocrx_word' id='word_1_214' title='bbox 984 4116 1045 4202; x_wconf 89' lang='lat' dir='ltr'>iis,</span> <span class='ocrx_word' id='word_1_215' title='bbox 1070 4139 1166 4215; x_wconf 90' lang='lat' dir='ltr'>quos</span> 
     </span>
     <span class='ocr_line' id='line_1_31' title="bbox 100 4225 1169 4329; baseline 0.002 -23"><span class='ocrx_word' id='word_1_216' title='bbox 100 4227 200 4329; x_wconf 88' lang='lat' dir='ltr'>ipsia</span> <span class='ocrx_word' id='word_1_217' title='bbox 219 4225 389 4329; x_wconf 84' lang='lat' dir='ltr'>patribus</span> <span class='ocrx_word' id='word_1_218' title='bbox 414 4238 646 4321; x_wconf 84' lang='lat' dir='ltr'>acceperant,</span> <span class='ocrx_word' id='word_1_219' title='bbox 685 4245 755 4298; x_wconf 92' lang='lat' dir='ltr'>nec</span> <span class='ocrx_word' id='word_1_220' title='bbox 783 4226 904 4321; x_wconf 87' lang='lat' dir='ltr'>primo</span> <span class='ocrx_word' id='word_1_221' title='bbox 928 4227 1047 4304; x_wconf 81' lang='lat' dir='ltr'>statim·</span> <span class='ocrx_word' id='word_1_222' title='bbox 1073 4248 1169 4308; x_wconf 90' lang='lat' dir='ltr'>nutu</span> 
     </span>
     <span class='ocr_line' id='line_1_32' title="bbox 102 4334 1175 4445; baseline -0.003 -21"><span class='ocrx_word' id='word_1_223' title='bbox 102 4344 347 4445; x_wconf 82' lang='lat' dir='ltr'>imperaretur</span> <span class='ocrx_word' id='word_1_224' title='bbox 369 4359 457 4412; x_wconf 89' lang='lat' dir='ltr'>eaue</span> <span class='ocrx_word' id='word_1_225' title='bbox 482 4334 666 4414; x_wconf 83' lang='lat' dir='ltr'>neeeslrtas</span> <span class='ocrx_word' id='word_1_226' title='bbox 689 4337 959 4436; x_wconf 86' lang='lat' dir='ltr'>imponeretur,</span> <span class='ocrx_word' id='word_1_227' title='bbox 986 4351 1175 4421; x_wconf 82' lang='lat' dir='ltr'>vtonmes&#39;</span> 
     </span>
    </p>
   </div>
   <div class='ocr_carea' id='block_1_2' title="bbox 663 4445 1173 4543">
    <p class='ocr_par' dir='ltr' id='par_1_2' title="bbox 663 4445 1173 4543">
     <span class='ocr_line' id='line_1_33' title="bbox 663 4445 1173 4543; baseline 0.004 -11"><span class='ocrx_word' id='word_1_228' title='bbox 663 4445 693 4524; x_wconf 88' lang='lat' dir='ltr'><strong>B</strong></span> <span class='ocrx_word' id='word_1_229' title='bbox 724 4471 741 4543; x_wconf 91' lang='lat'><em>5</em></span> <span class='ocrx_word' id='word_1_230' title='bbox 1091 4456 1173 4534; x_wconf 85' lang='lat' dir='ltr'>suas</span> 
     </span>
    </p>
   </div>
   <div class='ocr_carea' id='block_1_3' title="bbox 0 0 1274 4936">
    <p class='ocr_par' dir='ltr' id='par_1_3' title="bbox 0 0 1274 4936">
     <span class='ocr_line' id='line_1_34' title="bbox 0 0 1274 4936; baseline 0 0"><span class='ocrx_word' id='word_1_231' title='bbox 0 0 1274 4936; x_wconf 95' lang='lat' dir='ltr'> </span> 
     </span>
    </p>
   </div>
  </div>
 </body>
</html>
