2496 4936
440 655 725 690 “““““““
1069 667 1118 741 53

30 831 303 937 trufltmto3
358 837 397 938 fi
423 845 531 914 tamen
547 841 721 936 ceperint.
755 838 917 917 Romanis
936 844 1008 943 stne
1030 865 1122 921 noxa

35 950 73 1024 db
81 949 277 1028 reddunto.
361 948 539 1051 Castellum
555 952 656 1029 ussum
677 956 712 1028 sn
731 951 858 1029 Latino
877 982 969 1057 ¹agro
996 985 1034 1033 nc
1062 984 1120 1035 ex·

38 1069 165 1164 murto.
234 1062 290 1140 St
324 1065 458 1167 infestis
481 1069 580 1143 armis
604 1077 726 1144 terram
752 1069 880 1171 ingreffl
900 1072 1043 1169 suerint,
1082 1076 1118 1150 r‘n

43 1178 380 1280 superinstante.

127 1373 332 1452 Accurate
352 1376 394 1449 in
415 1373 473 1450 his
499 1392 632 1453 canent
653 1388 691 1452 et
715 1377 917 1475 prouident
939 1373 1112 1469 Romani,

50 1485 209 1565 ucPoeni
235 1494 283 1564 in
310 1485 448 1576 Latio,
503 1492 598 1566 intra
626 1488 883 1569 Romanorum
917 1491 1112 1582 ditionem,

23 1615 26 1623 ⁴
51 1601 215 1679 confidere
239 1601 406 1702 poffint;
430 1601 639 1681 Mercatum
660 1619 782 1681 autem
806 1606 845 1680 in
870 1608 915 1681 iis
940 1603 1033 1680 locis
1061 1605 1114 1682 sa·

1 1770 2 1774 .
23 1632 32 1811 d
52 1740 127 1802 cere,
149 1717 288 1793 sorum
303 1717 461 1802 habere,
489 1720 579 1797 mari
594 1732 763 1818 terraque
781 1719 887 1794 vrbes
915 1720 1110 1796 circumire

0 1888 1 1896 .
23 1813 28 1911 s
52 1828 189 1906 liberum
205 1828 352 1908 Poenis
369 1830 544 1908 relidum.
603 1829 633 1909 E
652 1831 756 1909 sociis
777 1827 916 1908 Latinis
939 1835 1109 1911 nomina·

52 1945 99 2017 tim
114 1945 299 2044 appositi,
317 1947 382 2044 qui
403 1948 619 2022 maritimam
633 1969 734 2022 oram
752 1946 972 2021 incolebant.
1034 1943 1108 2024 Ex·

53 2070 146 2133 trema
163 2061 284 2133 verba
299 2081 346 2134 eo
373 2058 562 2137 reserenda
579 2059 681 2150 sunt,
712 2059 815 2159 quod
838 2058 940 2158 saepe
970 2057 1107 2136 sadum

52 2170 213 2268 legimus,
246 2187 287 2248 vt
301 2174 443 2248 iniuriis
458 2178 616 2274 acceptis
633 2173 707 2250 srue
729 2175 768 2248 in
790 2175 882 2248 mari
908 2195 928 2247 a
949 2172 1107 2270 praedo·

51 2287 172 2376 nibus,
205 2285 282 2362 siue
305 2287 344 2362 in
369 2300 482 2378 terra,
515 2287 576 2362 vel
599 2287 737 2363 fraude.
753 2301 938 2363 emtorum
962 2297 1000 2361 et
1020 2285 1106 2362 infi-

51 2400 126 2489 diis,
162 2398 228 2476 uel
244 2402 282 2474 vi
312 2398 461 2499 publica
486 2404 700 2502 priuataue,
738 2398 764 2474 fi
792 2400 942 2500 publice
971 2399 1106 2476 satissa-

18 2566 22 2612 ,3
49 2510 133 2589 dum
149 2536 231 2590 non
250 2511 354 2603 esset,
388 2537 494 2612 agros
508 2515 786 2616 praedarentur:
825 2514 899 2590 hoc
924 2515 1037 2612 igitur
1064 2515 1104 2590 in

49 2623 193 2703 iisLatii
210 2631 337 2717 terris,
368 2651 462 2727 quae
479 2629 544 2707 sub
573 2629 829 2707 Rornanorum
855 2628 997 2703 ditione
1023 2651 1103 2703 non

49 2739 140 2832 sunt,
170 2741 341 2840 adeoque
357 2745 481 2818 necin
499 2743 688 2832 societate,
719 2742 837 2818 facere
858 2741 946 2817 licet
967 2738 1102 2818 Poenis

51 2853 247 2932 escensione
262 2855 369 2945 sada,
397 2857 512 2935 modo
530 2857 675 2933 neloca
696 2870 800 2955 capta
824 2855 889 2931 fibi
922 2857 1106 2931 retineant

51 2985 104 3044 aut
116 2969 299 3069 praefidiis
320 2971 497 3069 impositis
515 2972 647 3071 pedem
664 2972 703 3045 in
717 2968 825 3047 Latio
851 2968 973 3068 figant.
1042 2964 1104 3061 Dc

50 3075 147 3161 latio
164 3097 307 3173 autem,
335 3083 599 3174 necdeltasia,
636 3096 879 3161 memoratur:
916 3084 1001 3181 quia
1027 3079 1106 3158 Ro·

52 3219 236 3279 manorum
264 3200 459 3297 imperium
488 3197 647 3296 angustis
680 3197 754 3273 illis
779 3195 914 3271 sinibus
938 3218 984 3271 eo
1012 3208 1105 3270 tem-

52 3332 132 3408 pore
156 3314 425 3389 continebatur.
449 3310 510 3409 z).
584 3310 685 3388 Inter
708 3307 859 3386 ¹Latinos
883 3308 1001 3386 socios
1032 3311 1104 3385 iam

54 3441 122 3503 tum
141 3424 244 3503 fuisse
263 3426 468 3503 nonnullos
484 3428 615 3525 iniquo
630 3424 795 3512 foedere,
826 3425 876 3498 ita
901 3436 942 3497 vt
964 3420 1028 3498 sub
1050 3422 1105 3497 di·

52 3543 143 3616 tione
167 3537 281 3617 essent
297 3536 369 3637 a),
400 3563 487 3617 curn
500 3540 649 3617 aliunde
665 3563 742 3615 non
760 3537 919 3626 constet,
957 3559 1005 3611 ex
1032 3536 1105 3612 hoe

6 3739 10 3749 ,
48 3653 187 3732 scedere
216 3653 401 3734 discimus.

56 3822 59 3831 Ι
152 3847 327 3927 Ceterum
350 3852 388 3925 in
407 3869 452 3927 eo
470 3848 619 3926 foedere
635 3849 867 3926 mirationem
889 3844 1008 3922 facere
1024 3842 1108 3943 pos·

48 3965 124 4041 sunt
140 3965 249 4042 haec:
279 3966 370 4063 quod
385 3992 452 4041 non
471 3961 641 4068 oequefibc'
658 3962 805 4039 Romani
822 3962 1049 4065 prospiciunt,
1074 3961 1109 4034 in

1 4153 5 4193 r
48 4076 326 4186 circumscribendo
347 4089 489 4157 mercatu
512 4078 720 4270 Pomgum,
755 4077 811 4176 qus
832 4073 880 4153 ad
900 4073 1010 4154 vrbem
1036 4068 1109 4203 Ro·

675 4216 692 4288 3
1020 4210 1108 4262 mum

103 4383 148 4464 z)
167 4389 202 4446 vt
216 4376 283 4464 ipse
296 4325 405 4463 Polyb.
420 4384 539 4444 monet.
563 4397 593 4464 p.
603 4389 674 4459 284.
841 4364 847 4375 ’

104 4496 150 4576 a)
170 4489 306 4577 ὑπήκοοι.
760 4496 762 4498 ’
