2580 4996
509 629 798 677 ““““““
1099 628 1187 730 roy

107 820 149 899 el
167 823 296 902 setho
317 822 454 902 saltem
471 821 583 900 altera
601 820 665 898 illa
680 823 793 912 ratio,
824 831 897 923 qua
912 825 952 903 in
968 825 1051 927 ipfis
1067 826 1184 909 Here.

110 935 217 1012 cliteis
248 939 411 1038 vestigia
425 937 738 1035 interpretationis
754 940 938 1014 animarum
946 943 1104 1041 ficturum
1119 944 1184 1023 dc-

112 1050 341 1148 prehendere
364 1053 462 1129 licet
524 1046 698 1127 Occurrit
714 1048 840 1140 locus,
869 1053 908 1127 in
927 1074 1004 1152 quo
1018 1052 1184 1136 Heracli·

54 1175 75 1279 p
114 1176 165 1240 tus
179 1188 263 1242 non
282 1164 451 1243 multum
466 1159 615 1244 abfuille
632 1162 776 1239 videtur
791 1167 837 1240 ab
855 1188 897 1240 ea
916 1164 1111 1260 sententia,
1142 1173 1183 1249 in

117 1298 222 1376 quam
250 1282 328 1356 iam
355 1279 449 1357 alios
471 1273 653 1357 discellille
675 1276 834 1356 vidimus
851 1277 1114 1380 philosophos,
1143 1297 1184 1362 vt

116 1390 378 1478 alimentorum
396 1410 583 1494 potusque
601 1392 708 1489 copia
726 1388 929 1492 opprellam
947 1396 1106 1486 enimam
1119 1420 1185 1474 vo·-

118 1521 211 1583 caret
236 1512 418 1584 madentem
444 1519 476 1585 et
498 1504 729 1605 lumtsaiiam,
766 1519 892 1584 contra
915 1531 1004 1586 vero
1025 1508 1184 1591 sobriam

113 1622 224 1724 fictam
248 1615 311 1721 x).
377 1619 573 1698 Probabile
592 1619 705 1717 igitur
721 1616 783 1710 fit,
815 1620 934 1719 ipsum
952 1620 1182 1704 Heraclitum

119 1734 162 1810 ad
184 1734 310 1812 sensus
333 1760 456 1812 rerum
476 1735 551 1812 hoc
574 1728 777 1824 reuocalle‚
807 1746 848 1808 rt
863 1733 1057 1814 humidum
1072 1738 1179 1831 illud,

117 1849 219 1946 quod
244 1851 365 1927 nimio
388 1850 474 1926 cibo
492 1851 659 1947 vinoque
673 1848 979 1947 ingurgitentium
994 1850 1028 1928 se
1046 1874 1182 1953 corpus

117 1961 259 2051 obruit,
286 1966 412 2063 igneas
426 1963 620 2063 particulas
635 1963 775 2036 animae
791 1963 993 2062 extinguat,
1021 1965 1183 2043 calorem

114 2080 314 2176 opprImat,
340 2080 416 2154 vim
428 2080 623 2154 motrieem
637 2075 831 2151 interimat.
864 2074 999 2175 Neque
1015 2075 1083 2154 elle
1099 2090 1184 2177 pot-

112 2191 160 2265 est
185 2190 263 2265 vlla
285 2215 342 2267 res
367 2187 413 2267 ad
438 2189 556 2266 sensus
579 2188 722 2266 nostros
750 2187 867 2287 magis
891 2190 1180 2283 accommodata,

112 2325 228 2402 quam
251 2303 277 2380 fi
292 2306 572 2403 intemperantia
587 2304 795 2379 animorum
810 2301 996 2401 igniculos
1013 2307 1183 2403 extingui

112 2415 272 2493 dixeris:
304 2421 354 2495 vti
373 2416 466 2494 nihil
483 2417 542 2504 est,
569 2406 670 2521 quod
689 2438 753 2492 eos
768 2419 885 2515 magis
903 2418 1049 2508 excitet,
1076 2433 1182 2496 acuat

111 2544 150 2607 et
181 2531 397 2610 incalescere
422 2533 615 2630 ingenium
644 2529 770 2621 faciet,
822 2553 934 2632 quam
959 2543 1182 2632 temperatus

109 2646 189 2721 cibi
218 2657 403 2746 potusque
426 2643 526 2722 rsus:
559 2646 663 2723 cuius
685 2644 779 2721 adeo
799 2644 845 2721 ad
860 2644 1051 2745 sapientiae
1066 2646 1183 2728 studia

111 2757 264 2836 laudem
288 2757 545 2859 honoremque
567 2760 806 2860 praecipuum
833 2754 920 2848 elle,
965 2760 1075 2838 nobis
1099 2784 1181 2838 mo-

112 2872 291 2949 nentibus
307 2876 370 2949 vix
389 2872 541 2972 indiget
600 2870 717 2950 Nulla
731 2874 854 2972 itaque
869 2874 1018 2969 grauior
1037 2873 1182 2951 senten·

112 2989 165 3064 tie
188 2988 341 3086 reperiri
364 2987 482 3086 potest
508 3009 621 3088 quam
644 2983 708 3062 illa
733 2981 961 3086 Epicharmi:
1002 2985 1101 3081 Νᾶφε
1119 2983 1182 3062 καὶ

114 3099 276 3194 piperw’
291 3098 464 3178 άπιστεῖν.
481 3095 607 3201 ἄρθρα
617 3097 739 3174 ταῦτα
755 3098 823 3173 coir
837 3099 966 3202 operuit.
990 3097 1064 3176 Ser.
1086 3095 1182 3176 Got·

101 3217 240 3315 tingae
259 3214 293 3291 d.
313 3211 421 3293 XVI.
443 3213 541 3316 Sept.
561 3209 854 3291 cloloccrxxxr.

119 3435 124 3446 ,
227 3371 390 3437 elmundus
407 3371 496 3437 loeus
512 3369 672 3438 lembliehi
685 3368 725 3430 de
735 3369 837 3450 enims
848 3389 897 3451 ep.
914 3367 990 3433 Stob
1003 3366 1074 3434 Ecl.
1089 3364 1179 3451 phyl'.

228 3473 260 3538 p·
278 3473 348 3534 113.
369 3463 434 3520 ext.
455 3475 493 3518 ex
513 3454 574 3518 hoe
591 3451 801 3517 emendandus
826 3450 940 3517 Plotini
958 3452 1048 3516 locus
1062 3471 1091 3534 p.
1106 3457 1179 3533 468.

228 3536 272 3602 ef.
289 3537 417 3604 Aristot.
431 3538 471 3602 de
485 3538 584 3601 enims
598 3537 625 3612 1,
647 3555 679 3605 2·
693 3534 812 3602 Verum
829 3536 867 3598 de
881 3535 930 3599 hic
944 3535 977 3599 iu
993 3535 1180 3602 censensu.

228 3621 298 3688 Nec
312 3620 486 3704 disputendi
503 3640 585 3684 nunc
601 3620 690 3767 ⁰⁰8³*
709 3620 815 3695 detur,
837 3620 984 3704 equibus
997 3619 1182 3702 antiquiori·

226 3705 287 3768 hus
302 3704 352 3768 sm
365 3704 525 3787 repetierit
536 3704 638 3769 Herae
653 3703 728 3766 'tun

121 3934 124 3938 ⁴
178 3814 327 3978 aldeli?
334 3809 1056 3981 6886}lepssvpstffldgxreffiroeprailnuecdgvplgoz
1077 3826 1183 3970 edzi-

229 3981 368 4055 λόμενος,
401 3978 452 4044 οὐκ
474 3980 587 4045 ἐπαΐων
610 3978 662 4060 inp
675 3976 767 4059 βαίη,
789 3977 879 4061 ὑγρήν
891 3975 947 4058 τήν
961 3975 1071 4058 ψυχήν
1084 3974 1178 4058 ἒχων.

229 4060 285 4142 er'ny
305 4061 397 4145 ψυχή
412 4062 573 4145 σοφωτάτη
589 4063 639 4127 uel
653 4060 768 4144 ciplcrer.
811 4061 945 4129 Videtur
959 4061 996 4123 nd
1013 4063 1092 4123 hune
1112 4060 1182 4142 opi·

120 4157 126 4164 ’
228 4147 355 4211 nioueru
376 4145 530 4212 deuenisse
550 4145 659 4210 :uuor
681 4145 720 4207 de
740 4144 856 4221 dcere,
872 4144 927 4229 qui
949 4144 987 4208 eh
1011 4143 1086 4228 igne
1100 4143 1183 4212 viret

125 4286 126 4291 ,
229 4229 357 4297 humani
371 4231 513 4317 eorporis
530 4230 660 4312 reperit:
683 4247 713 4292 v.
727 4245 759 4309 p.
777 4240 847 4307 138„
866 4241 898 4295 et
913 4237 966 4311 98.

454 4359 861 4391 m

969 4570 970 4575 ψ
1092 4442 1180 4550 uu.
