2496 4936
471 495 755 537 “““··““··
1099 498 1149 592 st

2 719 3 722 Ν
72 681 161 761 mala
178 694 219 760 et
233 701 452 770 aerumnas,
469 691 622 757 naturae
637 682 761 759 ruinas
776 694 815 760 et
827 683 969 764 excidia
985 686 1076 766 fasta
1092 691 1148 773 vi.

72 799 218 874 derent:
263 794 464 873 obscurum
487 795 538 870 est
561 794 741 885 alterum,
776 797 879 897 quali
900 815 1050 892 natura,
1087 805 1158 881 ln.¹

1 900 5 915 ’
72 913 203 1010 genio,
239 912 297 996 vi,
331 906 520 1010 pollentes
542 922 579 983 et
604 908 796 988 instrustos
827 932 892 989 eos
919 919 1144 1012 putauerint.

71 1022 156 1104 Iloc
179 1025 298 1124 igitur
319 1024 358 1099 in
380 1033 464 1098 toto
480 1019 556 1098 hoc
568 1043 706 1120 genere
721 1019 984 1102 difficillimum
1007 1026 1075 1104 else
1090 1052 1146 1106 ar-

9 1193 10 1197 ,
72 1139 210 1227 bitror,
250 1135 429 1213 anostris
451 1133 609 1211 senfibus
634 1149 826 1215 auocatam
844 1152 1010 1216 mentem
1026 1154 1145 1218 trans-

1 1248 2 1259 '
70 1252 166 1329 serre
191 1250 239 1328 ad
266 1274 330 1329 eos
354 1247 494 1338 sensus,
531 1251 596 1347 qui
610 1247 807 1328 hominum
823 1252 988 1352 ipsorum
1004 1254 1144 1333 suerint
1196 1288 1199 1297 ¹

2 1447 12 1462 „
70 1366 117 1442 de
145 1366 286 1466 quibus
317 1361 460 1463 aliquid
484 1361 655 1449 traditur,
698 1363 819 1441 multo
849 1369 988 1466 magis,
1030 1365 1146 1448 fiant

0 1518 6 1580 j
68 1493 189 1565 aetas,
236 1500 311 1578 qua
338 1479 482 1565 vixere,
517 1490 581 1552 aut
603 1478 699 1552 vitae
720 1501 838 1575 genus
864 1503 907 1556 ac
927 1482 1096 1558 conditio
1122 1505 1144 1562 a

0 1631 16 1696 ⁵}
65 1593 193 1671 nostra
224 1593 300 1668 vita
337 1603 374 1667 et
405 1600 522 1667 aetate
553 1588 660 1666 valde
688 1590 865 1690 discrepat
892 1608 930 1669 et
952 1594 1139 1678 abhorret.

67 1706 183 1788 Sensu
200 1706 315 1781 animi
329 1702 448 1791 molli,
474 1704 628 1800 ingenio
646 1703 801 1781 versatili
818 1728 861 1782 ac
877 1706 975 1783 facili
991 1722 1029 1785 et
1042 1709 1141 1807 saga·

68 1824 178 1899 ritate
209 1841 307 1919 opus
328 1819 398 1912 est3
436 1817 481 1893 ab
498 1819 603 1893 omni
622 1818 801 1918 opinandi
816 1822 1019 1897 temeritate
1035 1837 1073 1897 et
1085 1845 1143 1899 ar·

4 1959 6 1961 ’
67 1937 260 2034 rogantia,
306 1929 540 2029 tuendaeque
573 1933 763 2031 opinionis
796 1930 908 2008 semel
940 1950 1143 2035 conceptae
1190 1976 1195 1981 ·

67 2049 282 2150 pertinacia,
300 2044 441 2122 alienus
456 2040 524 2120 else
542 2044 663 2134 debet,
681 2048 796 2145 quiin
811 2045 970 2122 aliorum
987 2045 1141 2134 sensum,

9 2203 12 2219 ‚
67 2184 215 2242 morem
239 2158 429 2259 cogitandi
448 2172 486 2235 et
512 2158 711 2259 opinandi,
736 2172 927 2261 tamquam
943 2159 1140 2263 subrepere

20 2332 21 2335 κ
67 2277 205 2355 rultet
221 2272 255 2350 se
281 2269 476 2350 insinuare.

184 2386 266 2466 mia
298 2389 337 2463 in
373 2386 628 2484 comparandis
657 2383 859 2465 hominum
886 2384 1018 2464 diuersi
1045 2386 1139 2467 caeli

12 2494 16 2584 [
69 2501 307 2600 diuersasque
342 2504 481 2576 aetatis·
506 2501 696 2599 ingeniis,
756 2501 924 2578 moribus
963 2514 1002 2578 et
1039 2502 1139 2578 insti·
1210 2497 1215 2506 ’

70 2620 182 2706 tutis,
214 2612 329 2716 posita
360 2615 409 2690 est
438 2616 724 2704 commentatio,
774 2612 896 2691 multo
931 2616 1139 2692 minoribus

68 2726 350 2809 difficultatibus
397 2726 573 2828 obsepta,
645 2729 792 2804 minore
846 2749 1001 2828 quoque
1054 2750 1140 2805 acu-

67 2847 172 2924 mine
199 2865 243 2919 ac
269 2840 428 2918 sollertia
458 2839 651 2940 indigens,
689 2841 780 2918 dutn
805 2862 885 2917 non
916 2839 982 2918 nisr
1006 2840 1052 2918 ad
1084 2839 1141 2917 di·
1178 2902 1183 2923 ,

14 2989 21 3056 ,;
67 2957 188 3035 versas
223 2954 316 3033 caeli
349 2954 491 3055 solique
518 2968 683 3043 naturas,
726 2952 772 3030 ad
798 2953 930 3030 statum
955 2954 1142 3031 conditio·-

13 3082 18 3096 ‘
67 3092 235 3170 nemque
259 3073 353 3145 vitae
373 3081 412 3145 et
434 3066 598 3144 culturae
620 3068 788 3155 modum,
805 3082 842 3144 et
865 3065 912 3176 ad
932 3070 1141 3166 nimquam

13 3192 18 3254 ἰ
66 3185 131 3265 illa
151 3183 200 3261 ad
220 3205 378 3282 corpora
391 3204 434 3258 ac
447 3180 567 3258 sensus
585 3179 1002 3260 hominumhabent‚est
1021 3194 1140 3257 atteri.

15 3358 21 3409 ,
67 3297 259 3385 dendum,
274 3310 316 3372 rt
337 3294 542 3394 intelligas,
560 3297 598 3371 in
617 3292 723 3372 simili
738 3293 909 3370 locorum
928 3292 1142 3371 hominum-

17 3434 39 3522 lq
70 3436 144 3515 que
160 3410 290 3488 habitu
306 3407 438 3486 similes
453 3430 618 3509 quoque,
633 3408 759 3484 saltem
774 3406 874 3484 haud
892 3405 1055 3483 multum
1072 3406 1143 3483 dis·

26 3523 42 3589 l-
70 3539 287 3627 crepantes,
322 3545 444 3599 mores
480 3535 518 3598 et
549 3521 711 3598 instituta
742 3521 922 3597 obtinere.
995 3515 1043 3598 Et
1058 3519 1144 3599 sunt

41 3649 44 3661 “
69 3639 226 3741 quidem
254 3636 390 3714 horum
412 3635 482 3712 alia
506 3637 546 3711 in
574 3636 670 3711 vitae
698 3631 966 3711 necessitatibus
998 3647 1143 3711 autre.

71 3778 154 3830 rum
172 3753 293 3853 copiis
310 3747 480 3850 parandis
498 3747 559 3827 seu
573 3746 739 3825 sruendis
755 3760 945 3845 occupata,
967 3744 1143 3848 quorsum

24 3870 33 3954 i
72 3866 197 3944 cultus
221 3886 394 3964 quoque,
432 3885 520 3940 cura
563 3860 787 3962 habitusque
817 3861 1003 3962 corporis,
1040 3859 1144 3938 habi·

28 3966 38 4027 l
76 3983 185 4067 tatio,
200 3979 456 4065 instrumenta,
485 3973 648 4053 vtenfilia
668 3973 846 4076 spadana
883 3973 952 4051 alia
974 3974 1015 4050 in
1037 3975 1143 4053 omni

79 4115 115 4168 re
129 4093 339 4180 domestica,
368 4088 541 4166 ineundis
557 4090 812 4173 matrimoniis,
841 4087 967 4163 liberis
985 4085 1146 4164 educam

36 4203 142 4308 gudis,
159 4206 321 4304 negotiis
335 4203 520 4293 ciuilibus,
535 4201 726 4303 republica
742 4198 917 4297 regenda,
927 4197 1145 4300 spesiantur,

38 4321 40 4367 ³
136 4334 250 4421 aare
267 4333 375 4424 opusc.
393 4331 480 4403 aaa
504 4331 575 4419 Vn.
594 4330 666 4406 ιιι.
782 4307 817 4390 C
884 4327 888 4331 ¹
1048 4331 1145 4429 quae
1222 4404 1240 4425 ,
