2586 5078
164 871 373 965 manitatem
401 863 603 969 progressae
635 869 736 964 sunt3
781 871 995 948 constitutae
1013 890 1155 970 poenae
1180 892 1224 946 re
1261 851 1271 924 '¹

164 988 263 1071 centi
287 987 431 1063 crimini
453 988 618 1082 nouique
634 983 794 1082 exempli
813 982 937 1060 sceleri
951 984 996 1062 ab
1010 987 1125 1062 animis
1139 988 1222 1061 irad
1257 993 1271 1029 ¹

165 1102 243 1185 odio
276 1101 493 1178 exacerbatur
554 1097 616 1173 illa
648 1097 720 1196 ipsu
749 1097 916 1197 supplicii
948 1101 1118 1175 atrocitas
1143 1117 1218 1173 mox
1257 1102 1262 1179 i

165 1213 253 1289 alias
277 1215 346 1288 iras
365 1227 402 1288 et
415 1211 498 1286 odia
518 1208 713 1286 hominum
728 1209 988 1305 inflammauit3
1021 1212 1117 1286 unde
1135 1231 1215 1317 noua
1259 1230 1262 1240 ·

163 1326 315 1414 scelera,
362 1347 459 1401 noua
499 1325 722 1400 immanitate
753 1324 948 1421 punienda.
1024 1323 1216 1400 Succedunt

164 1438 364 1542 aliquando
378 1437 589 1537 tyrannides
605 1449 641 1513 et
662 1439 812 1534 imperia
835 1451 1003 1529 cruenta3
1032 1453 1095 1513 aut
1109 1437 1215 1514 saisio-
1253 1414 1271 1489 «ἶ

164 1572 230 1627 nes
256 1566 293 1628 et
317 1551 510 1628 seditiones
531 1551 570 1625 in
597 1550 802 1650 republica:
835 1552 885 1625 ita
909 1553 946 1625 in
976 1548 1213 1627 humanissno
1259 1544 1262 1549 ’

163 1665 307 1765 populo
338 1661 563 1739 Graecorum
594 1675 687 1764 quot
717 1685 760 1741 ac
788 1679 923 1763 quanta
948 1663 1115 1762 exempla
1135 1678 1214 1738 atro·

163 1777 382 1854 cillrmorum
427 1775 689 1876 suppliciorum
726 1773 995 1853 memorantur!
1040 1774 1156 1854 Potest
1186 1785 1215 1849 et
1258 1805 1259 1808 ¹

161 1891 256 1968 illud
280 1888 446 1979 euenire,
483 1902 523 1965 ut
547 1890 586 1964 in
610 1888 773 1988 populo,
810 1892 918 1967 etiam
943 1891 1068 1988 aequis
1086 1889 1216 1988 legibus
1257 1904 1258 1907 ‘

161 1999 378 2091 constituto,
416 2017 581 2103 tempora
605 2002 784 2093 incidant,
809 2019 864 2077 -vt
891 2004 1056 2101 grauiori
1074 2001 1217 2080 facinori

162 2141 283 2219 poena
321 2116 473 2216 simplex
508 2135 585 2192 non
627 2114 843 2214 respondere
883 2118 1062 2192 videatur:
1112 2115 1219 2215 potest
1261 2139 1262 2144 ¹

160 2231 256 2308 adeo
274 2233 398 2329 augeri
422 2244 459 2305 et
483 2243 657 2330 tanquam
684 2228 864 2307 cumulari
883 2229 962 2315 illa,
993 2228 1225 2306 adietlocor.

160 2347 261 2445 poris
294 2343 435 2421 dolore.
509 2342 547 2418 Si
579 2339 734 2418 Caesaris
760 2343 870 2418 verba
899 2341 997 2442 apud
1022 2341 1227 2420 Sallustium
1270 2368 1271 2371 ’

164 2455 316 2550 (Catilr
329 2458 379 2551 1.)
389 2457 608 2542 memineris,
625 2452 801 2531 aGraecis
811 2455 858 2543 id,
873 2455 917 2530 de
928 2458 1226 2554 quoquaerimus‚

162 2584 353 2669 acceptum
369 2567 483 2643 videri
504 2568 637 2665 potest:
658 2569 720 2670 sed
734 2569 839 2645 eodem
851 2567 917 2652 isso,
940 2570 1072 2667 inquit.
1088 2580 1238 2669 tempore

160 2682 258 2783 (quo
284 2679 399 2757 multa
424 2703 444 2756 a
472 2682 600 2757 vicinis
625 2680 804 2780 sociisque
820 2679 967 2782 populis
985 2680 1139 2760 lirmsere
1153 2686 1230 2760 Ro·

159 2793 282 2891 mant)
293 2794 448 2871 Graeciae
456 2818 574 2871 morem
585 2795 912 2882 imitatiruerdtribur
927 2794 1233 2875 animaduertebunl

158 2913 192 2987 in
208 2912 309 2996 ciues,
349 2905 628 2985 decommum
644 2909 806 3012 summum
820 2907 1017 3013 supplicium
1042 2908 1230 3012 sumebant.

156 3019 241 3101 Nec
271 3034 412 3108 tamen.
452 3018 479 3099 si
509 3020 683 3099 seuerius«
703 3023 882 3121 inquiras,
929 3046 970 3098 ea
993 3021 1228 3103 satisfaciunt

158 3134 257 3214 Nam
285 3137 406 3235 primo
424 3158 501 3211 nora
527 3134 574 3211 de
599 3133 777 3234 supplicio
802 3138 850 3213 itu
874 3134 1011 3223 sumto,
1052 3146 1090 3211 ut
1112 3142 1232 3237 uirgo

154 3269 229 3328 rum
252 3249 385 3327 verboru
405 3259 503 3326 antra
523 3248 762 3346 infligerentur,
798 3249 966 3348 loquitur
989 3246 1133 3341 Caesar,
1164 3251 1230 3331 sed

158 3364 206 3441 de
236 3377 389 3461 utraque
414 3384 453 3439 re
475 3360 666 3464 separatim,
732 3359 858 3461 Virgis
883 3361 969 3438 caesi
993 3356 1157 3440 'Romani
1186 3369 1227 3443 in

154 3475 359 3554 leuioribus
402 3476 638 3568 criminibus3
689 3475 908 3553 testabantur
945 3476 1052 3553 illum
1082 3501 1227 3558 morem

154 3588 265 3666 fasces
294 3589 584 3687 magistratuum
635 3601 673 3664 et
701 3587 862 3665 seruatus
894 3611 974 3665 mos
1005 3589 1043 3664 in
1075 3580 1226 3688 militia;

152 3702 325 3781 hactenus
349 3700 440 3777 nihil
464 3700 663 3800 simplicius
688 3702 801 3777 videri
828 3705 950 3801 potuit
977 3705 1105 3802 poenis
1129 3707 1228 3785 inter

153 3812 361 3893 Romanos:
401 3816 510 3911 virgis
533 3814 668 3891 scilieet
687 3815 866 3913 expeditis
883 3839 1003 3916 poena
1024 3822 1144 3894 omnis
1162 3819 1226 3899 seu

155 3927 318 4030 capitalis
344 3926 405 4005 seu
437 3950 515 4003 non
541 3928 702 4027 capitalis
723 3927 865 4005 inslissa.
932 3928 1063 4006 Graeci
1086 3948 1224 4022 autem,

118 4125 124 4137 ,
154 4064 181 4119 a·
203 4043 344 4143 quibus.
367 4042 523 4141 petitum
550 4064 692 4118 morena
722 4042 774 4115 ait
800 4036 945 4128 Caesar,
990 4043 1055 4141 qui
1085 4043 1225 4122 intelli·

152 4157 267 4255 gendi
297 4153 384 4241 sint,
427 4176 505 4232 non
537 4154 654 4231 statim
690 4150 825 4254 assequi
857 4153 963 4248 licet;
1000 4178 1087 4232 narn
1112 4180 1225 4237 neca

152 4271 343 4345 communi
365 4267 492 4366 aliquo
516 4269 593 4344 iure
617 4263 844 4344 Graecorum
875 4291 942 4344 nec
961 4268 1006 4343 ab
1026 4269 1226 4349 Athenien.

150 4378 249 4501 lidus
263 4381 354 4488 haec
369 4386 482 4484 petita
498 4378 566 4458 else
582 4381 742 4475 constat3
770 4381 912 4459 uidetur
930 4384 1054 4483 itaque
1070 4382 1224 4464 Graecia

1077 4521 1223 4599 magna,
