2496 4936
161 677 213 758 54
489 670 834 788 ‚····=

156 878 245 932 mum
275 874 388 930 mercer
417 844 621 929 eructarent.
700 843 751 926 Iis
783 873 832 926 ne
855 849 950 927 liber
974 853 1131 929 omnino
1154 849 1228 930 fuit

65 988 66 992 ‘
156 965 407 1047 commeatus?
435 980 475 1042 vt
494 964 672 1042 Romanis
698 966 738 1039 in
761 964 904 1042 Siciliae
927 967 1098 1056 urbibus,
1130 989 1227 1065 quae

155 1079 222 1160 sub
239 1079 452 1160 Poenorum
479 1080 620 1155 ditione
647 1077 773 1154 eraut?
812 1078 850 1152 id
880 1079 984 1179 quod
1007 1079 1123 1157 altero
1149 1081 1246 1187 loe-ff

158 1194 244 1275 dete
260 1195 669 1271 disertiusenuntiatum
688 1193 746 1267 est.
805 1191 903 1269 Nam
919 1193 1112 1294 probabile
1128 1192 1230 1270 haud

156 1306 217 1397 fit,
255 1305 391 1388 licuille
419 1307 615 1393 Romanis,
661 1304 725 1381 fibi
749 1305 832 1406 ipfis
855 1331 994 1384 merces
1028 1331 1075 1383 ex
1104 1308 1231 1385 Africa

156 1442 301 1524 petere,
333 1418 692 1519 Carthaginienflbus
707 1421 753 1495 ab
772 1423 872 1497 aditu
895 1419 1041 1497 Tiberis
1059 1422 1227 1499 exclusis.

160 1534 276 1630 Quod
296 1535 321 1611 fi
338 1549 417 1612 tum
442 1537 601 1633 primum
627 1546 763 1609 tentata
778 1559 833 1611 res
851 1536 900 1612 est
920 1558 940 1610 a
959 1533 1156 1613 Romanis:
1189 1546 1231 1612 vt

159 1648 224 1750 iplr
245 1665 471 1749 prouentum
489 1671 664 1746 agrorum
682 1650 721 1722 in
744 1648 903 1725 Africam
927 1662 1230 1748 transportarent,

160 1783 278 1863 quum
304 1763 424 1838 adhuc
456 1759 594 1840 Etrusci
619 1761 742 1837 forum
765 1765 804 1836 iu
829 1765 916 1839 vrbe
940 1762 1060 1840 Roma
1087 1762 1233 1840 habuis-

160 1875 254 1954 sent:
305 1875 458 1975 sulpicio
484 1873 552 1950 elle
581 1873 708 1974 pollrt,
744 1873 892 1954 Poenos
920 1879 1076 1954 omnino
1109 1878 1233 1954 adhuc

158 2011 289 2089 parum
305 1989 546 2089 frequentalle
563 1987 708 2065 Tiberis
732 1992 830 2066 ostia.
898 1990 968 2068 Sed
996 1992 1229 2091 probabilius

160 2101 202 2181 fit
219 2107 320 2203 prius
339 2103 454 2191 illud,
482 2102 585 2201 quod
601 2104 806 2201 posuimus:
837 2105 930 2182 nihil
954 2103 998 2179 de
1016 2103 1231 2182 Poenorum

160 2220 397 2316 nauigatione
416 2221 454 2294 in
473 2217 621 2293 foedere
639 2214 706 2293 elle
730 2235 997 2301 memoratum.
1040 2242 1125 2295 cum
1154 2220 1230 2296 iam

161 2346 267 2410 antea
291 2356 394 2407 more
417 2346 453 2406 et
476 2330 538 2409 vlu
561 2330 624 2405 illa
651 2327 736 2407 ellet
757 2332 971 2422 constituta,
1010 2334 1049 2409 in
1080 2333 1232 2411 loedere

162 2460 285 2522 autem
302 2445 764 2545 perscriberenturtantum
782 2468 841 2528 ea,
874 2468 967 2547 quae
994 2457 1098 2522 noua
1119 2446 1234 2522 sanci·

93 2569 95 2572 ’
160 2573 298 2636 rentur.
357 2557 564 2636 Promissus
581 2558 673 2633 adeo
699 2556 936 2636 Etruscorum
958 2575 994 2636 et
1016 2557 1233 2639 Poenorum

164 2671 267 2750 fuere
286 2675 324 2757 in
342 2675 431 2748 vrbe
448 2670 567 2748 Romu
584 2671 661 2748 fora
674 2686 710 2748 et
725 2678 954 2751 commercia.
997 2672 1107 2750 Forte
1124 2669 1235 2749 Etru·

162 2785 308 2864 scotum
339 2803 376 2861 et
405 2783 614 2861 Poenorum
652 2810 692 2861 ea
725 2786 770 2862 de
806 2789 974 2864 reluere
1033 2786 1230 2885 pelliones.

166 2897 302 2999 Neque
323 2897 360 2976 id
384 2901 611 2976 statuendum
631 2901 699 2987 est,
727 2897 859 2977 Poenis
876 2898 970 2978 Latii
988 2900 1112 2975 littora
1130 2899 1234 2978 adire

162 3011 237 3092 hoc
267 3013 418 3091 demum
449 3014 598 3089 loedere
625 3010 693 3088 elle
720 3013 949 3112 permillu1113
996 3017 1111 3091 immo
1142 3037 1235 3091 vero

165 3126 309 3206 dudum
334 3126 411 3204 fieri
434 3127 561 3203 solitus
588 3125 742 3202 accellus
772 3128 835 3203 ille
869 3132 1019 3204 nauium
1044 3123 1235 3226 Carthagi·

162 3236 344 3319 niensium
361 3243 542 3319 coercitus
569 3264 670 3318 nunc
690 3243 739 3318 eli
755 3254 792 3318 et
815 3244 1108 3345 circumscriptus
1126 3243 1234 3319 certis

162 3353 319 3456 legibus.

278 3520 334 3599 ad
354 3518 490 3597 alterum
508 3518 638 3596 foedus
657 3517 922 3597 festinabamus.
969 3519 1041 3599 Sed
1060 3514 1145 3598 ecce
1162 3518 1235 3598 suf-

163 3631 327 3714 flamiuat
346 3638 526 3732 impetum
547 3656 684 3732 pompa
700 3632 815 3708 dutla.
885 3623 1018 3732 'stapla
1041 3646 1156 3732 patent
1174 3662 1236 3710 uu·

161 3773 271 3846 resque
286 3788 339 3800 -
355 3750 550 3845 iungamus
568 3763 651 3820 vota
666 3751 867 3845 precesque
880 3748 1027 3844 publice
1044 3749 1235 3851 priuatim·

163 3883 238 3962 que
253 3885 456 3963 pacemque
472 3875 508 3935 et
533 3860 744 3936 felicitatem
771 3863 915 3958 generis
942 3861 1092 3936 humani
1119 3885 1137 3937 a
1162 3861 1235 3940 deo

162 3997 367 4076 precemur.
472 3970 538 4054 ΡΡ.
575 3977 614 4051 io
649 3971 813 4071 Georgia
846 3971 1007 4076 Augusta
1045 3973 1125 4057 Kal.
1161 3973 1233 4057 lul.

164 4085 471 4170 eloloccorxx.

488 4294 932 4326 m),
