2580 4906
464 650 755 713 ...ς-*μ’
1050 642 1143 740 ἶις9ι
1180 696 1184 705 ·

74 835 195 915 festim
227 835 314 915 dare
335 835 523 928 voluillet,
561 859 688 914 armon
713 836 932 916 muliebrem
952 841 1137 939 ignauiam
1195 878 1204 890 *·

73 965 115 1028 et
153 974 330 1052 pauorem
363 974 493 1028 omnes
534 950 627 1027 clam
668 949 863 1051 palamque
900 953 1138 1032 inculallenti

75 1087 205 1146 annon
226 1088 297 1166 pro
316 1069 477 1154 virtutis,
507 1064 750 1153 fortitudinis,
780 1067 1000 1144 constantiae
1017 1068 1137 1160 laude,

75 1201 173 1279 quae
199 1177 258 1255 vel
276 1177 376 1254 villis
389 1178 519 1256 solatio
544 1174 613 1255 elle
630 1179 768 1278 potest,
784 1192 821 1255 et
837 1183 939 1257 cuius
959 1181 1003 1257 ad
1020 1205 1140 1282 popu-

74 1293 201 1370 lorum
222 1291 394 1382 salutem,
436 1291 729 1368 incolumitatem
746 1292 1030 1392 etdignitatem,
1065 1312 1139 1377 tam
1195 1345 1205 1356 a

74 1427 213 1504 magna
230 1406 283 1480 vis
308 1407 377 1495 est,
414 1428 562 1505 quaque
583 1427 669 1505 pop.
689 1402 918 1484 Britannicus
936 1432 1036 1486 nunc
1053 1434 1139 1489 curn

31 1550 34 1557 „
75 1522 238 1597 maxime
260 1518 388 1609 lloret,
423 1507 518 1595 inter
541 1519 709 1596 imbelles
730 1534 766 1594 et
783 1536 941 1620 paratam
956 1524 1047 1620 iugo
1063 1547 1141 1600 cera
1168 1596 1172 1605 .

3 1678 8 1689 ··
73 1634 195 1710 vicem
212 1631 442 1710 ostendentes
458 1633 619 1733 populos
634 1650 890 1711 annumeratus
905 1635 1017 1727 ellet‘l
1029 1636 1142 1716 Nunc
1180 1654 1181 1667 ¹

77 1760 225 1823 tantum
239 1746 356 1835 abest,
386 1761 425 1823 vt
440 1748 618 1823 iudicium
635 1750 747 1823 totius
766 1746 933 1849 Europae
952 1751 997 1826 de
1015 1750 1047 1827 le
1067 1751 1141 1828 vlla

10 1902 21 1967 ἱ,
76 1859 253 1937 indecore
284 1860 452 1958 gestare
488 1860 728 1950 labefatlarit,
781 1877 819 1938 vt
841 1867 964 1963 potins
989 1865 1142 1943 illorum

5 2065 8 2067 >
80 1973 263 2073 ipsorum,
294 1975 429 2073 quibus
446 1975 727 2050 concedendum
745 1973 832 2065 fuit,
865 1977 965 2075 quod
985 1982 1142 2075 negaba·-

78 2101 162 2176 tur,
196 2089 394 2164 memoriae
416 2101 474 2164 tot
499 2105 535 2163 et
563 2103 661 2163 tanta
682 2087 907 2165 fortitudinis
927 2104 962 2166 et
977 2091 1144 2188 ‘perseue-

78 2204 219 2279 rantiae
246 2200 466 2277 documenta
492 2200 670 2290 infixerit,
705 2215 754 2277 ¹vt
781 2207 817 2277 in
845 2204 905 2280 sua
923 2206 1070 2280 fortuna
1088 2206 1143 2281 illi

79 2313 254 2391 lubenter
278 2315 516 2414 acquiescant
588 2314 747 2416 Romani
773 2318 922 2415 quidem
947 2322 1142 2408 minorem,

75 2443 195 2530 vquam
215 2427 440 2553 expetieras,
468 2428 661 2528 sapientiae
680 2430 761 2506 luae
778 2431 934 2511 frustum
954 2432 1142 2523 abstulere,

82 2545 260 2642 quoniam
283 2514 458 2619 intestinis
483 2542 686 2633 discordiis,
730 2567 933 2643 paucorum
957 2550 1088 2644 opibus
1108 2552 1146 2624 el

85 2657 263 2786 potentia,
292 2669 328 2731 et
341 2661 509 2754 grauiore
528 2681 593 2756 per
607 2660 728 2734 onmia
747 2657 922 2755 grall'ante
938 2662 1034 2759 pelle
1051 2662 1144 2737 luxu

83 2772 239 2868 eiusque
267 2772 402 2846 comite
428 2775 593 2859 auaritia,
633 2772 724 2847 nihil
747 2773 879 2848 sanim
906 2776 1051 2849 ciuitate
1069 2787 1146 2849 erat
1265 2844 1267 2850 .

83 2880 271 2974 relictum3
299 2882 347 2959 ad
375 2883 517 2960 bellum
546 2884 733 2960 ciuile-res
755 2885 977 2984 spectabant3
1014 2889 1146 2963 eodem

84 3017 177 3073 mox
203 2994 403 3095 insequuto
436 2995 814 3097 omniapellundata,
852 3001 1149 3098 necquicquam

86 3131 135 3185 ex
150 3107 333 3210 superlore
346 3124 511 3210 tempore
528 3110 698 3189 rennnsrt
708 3127 962 3214 praeterquam
980 3116 1065 3190 vitia
1079 3113 1148 3189 ho-

84 3225 230 3301 minum
249 3237 286 3301 et
299 3225 533 3323 reipublicae

201 3440 291 3539 Quo
312 3440 427 3533 luxu,
469 3466 542 3542 qua
563 3443 740 3533 mollitie,
771 3432 965 3543 quo'otio,
993 3468 1149 3545 magnae

87 3559 252 3637 ciuitates
274 3573 449 3657 pereunt,
477 3556 628 3641 eodem,
655 3554 958 3648 Commilitones,
985 3583 1062 3635 non
1080 3563 1150 3636 mi·

88 3697 159 3749 nus
185 3671 411 3769 singulorum
437 3671 632 3748 hominum
646 3671 829 3760 fortunas,
865 3675 977 3749 animi
992 3675 1151 3773 ingenii-

90 3809 164 3883 que
197 3808 274 3860 non
305 3787 426 3862 minus
455 3809 564 3884 quam
587 3787 752 3884 corporis
770 3787 883 3875 vires,
911 3786 990 3884 spes
1012 3804 1049 3863 et
1063 3802 1150 3865 vota

89 3912 283 3997 parentum
313 3902 542 3998 patriaeque,
597 3901 716 3999 perire
746 3900 1013 3978 arbitraminor.
1054 3929 1055 3934 ¹
1095 3899 1150 3979 vt

89 4009 194 4087 nulla
218 4009 306 4110 resp.
328 4011 392 4086 diu
414 4013 544 4088 eodem
562 4011 648 4089 loco
664 4012 751 4088 llare
766 4013 904 4111 potest,
934 4035 1029 4112 quae
1048 4017 1151 4116 cupi,-

89 4123 245 4200 ditatum
263 4138 298 4200 et
312 4122 520 4200 lubidlnum
537 4125 717 4201 illecebris
736 4142 772 4199 et
786 4128 1018 4205 irritamentis
1035 4122 1151 4205 abun·

5 4274 7 4279 ⁴
89 4237 170 4326 dat,
206 4252 332 4313 contra
362 4242 483 4314 omnis
507 4239 704 4316 hominum
729 4241 842 4314 virtus
863 4263 885 4313 a
910 4244 1149 4328 continentia,
1247 4231 1253 4243 '

87 4350 317 4453 frugalitate,
349 4355 607 4452 temperantia,
643 4353 812 4430 laborum
833 4352 1024 4432 tolerantia
1040 4355 1151 4455 proli·-

988 4472 1150 4548 elicitur:
