2534 4860
140 551 216 674 310
525 581 805 644 ¹¹¹¹.....·····.....'··.¹..·

58 836 62 845 ,
100 764 102 770 ⁴
138 775 364 862 obtinuerat,
410 784 447 849 et
478 765 598 852 adhuc
625 775 788 860 obtinet,
826 772 935 849 etiarn
955 791 1030 871 pet·
1045 765 1199 856 Indiam,

91 879 106 899 ‘'
138 911 218 966 uon
243 911 263 963 a
284 884 356 962 deo
380 883 542 976 summo,
579 888 638 964 led
663 888 709 963 ab
735 885 827 974 alio,
870 887 932 962 cui
955 906 1012 959 res
1037 883 1203 958 mandata

140 1014 235 1090 erat,
276 997 336 1076 seu
367 998 438 1076 deo
470 997 531 1076 seu
556 1003 687 1099 genio,
730 996 911 1075 mundum
936 993 1005 1072 else
1027 1011 1200 1073 creaturn

97 1201 98 1205 Ν
140 1110 260 1212 Igitur
281 1126 358 1189 tota
377 1109 635 1190 Gnosticorum
655 1111 807 1201 cohors,
836 1117 909 1188 iam
930 1109 1018 1185 inde
1039 1131 1062 1184 a
1081 1106 1205 1185 Cerin-

97 1324 110 1334 μ’
141 1226 231 1315 thu,
275 1248 295 1302 a
326 1226 398 1303 deo
422 1223 596 1302 emanasse
623 1228 774 1302 virtutes
802 1222 975 1311 credidit,
1024 1223 1210 1322 aquibus

142 1337 315 1414 conditus
347 1337 390 1416 lit
423 1338 601 1415 mundus:
637 1337 802 1415 Virtutes
830 1340 869 1413 in
896 1333 1069 1436 personas
1095 1345 1209 1411 muta·

142 1464 202 1527 tae
226 1451 341 1528 niodo
368 1452 530 1541 Aeones,
566 1450 682 1528 modo
710 1451 789 1526 aliis
818 1448 1006 1527 vocabulis
1030 1445 1209 1546 designari

141 1585 309 1662 coepere.
366 1562 606 1652 Valentinus,
637 1567 774 1664 quippe
792 1560 1000 1640 Platonicae
1016 1559 1210 1660 sapientiae

141 1675 291 1752 sedator
308 1670 367 1770 (vt
381 1699 437 1777 ap.
456 1665 670 1754 Tertullian.
689 1677 734 1753 de
750 1675 953 1776 praescript
974 1696 1004 1749 c.
1028 1667 1117 1772 30.)
1132 1674 1209 1750 sub·

143 1788 266 1865 tiliore
289 1791 518 1887 argutatione
533 1791 614 1890 poli
629 1786 820 1867 XXXIV.
840 1778 982 1866 Aeonas
993 1786 1211 1882 Doniurgau

100 2002 101 2005 Ν
144 1899 312 1992 induxit,
346 1901 462 1982 adeo
487 1903 649 1993 summn,
685 1900 875 1992 inuisibili,
903 1898 1100 1989 ineffabili,
1131 1923 1210 1977 non

145 2030 252 2103 nato,
288 2013 487 2093 diuersum:
528 2013 665 2092 didurn
683 2028 805 2092 tamen
823 2028 859 2092 et
875 2012 991 2116 ipsum
1006 2012 1118 2101 deum,
1144 2040 1210 2113 pn·

143 2139 293 2205 tramae
319 2133 490 2227 regemn).
547 2127 817 2206 substituerunt
840 2149 993 2228 quoquc
1017 2125 1080 2202 alii
1100 2125 1211 2226 plures

151 2241 319 2319 Creatorer
345 2242 569 2341 eosdemque
596 2239 823 2341 Regnatores
848 2239 997 2329 mundi,
1045 2237 1210 2338 Angelos

146 2353 264 2451 uulgo
296 2354 428 2433 didos:
475 2370 516 2431 ut
538 2354 752 2432 Saturninus
770 2351 852 2431 Vll
882 2366 919 2430 at
941 2351 1086 2429 Aeonas
1104 2350 1207 2431 Vlll.

145 2457 335 2559 Bafilides3
372 2465 563 2545 indefinito
590 2491 745 2544 numero
768 2465 949 2544 Marcion.
1007 2461 1212 2542 Succellere

144 2579 233 2655 inde
263 2577 342 2663 alii.
396 2582 461 2678 qui
494 2604 578 2658 eum
613 2581 753 2657 malurn
785 2579 897 2656 deum
934 2574 1003 2656 csse
1035 2578 1211 2668 maluere,

147 2713 232 2768 curn
269 2691 450 2770 mundum
479 2692 588 2770 ¹malis
615 2695 736 2770 omnis
769 2693 913 2791 generis
944 2690 1212 2768 redundantem

144 2803 211 2887 ille
238 2800 400 2899 creallet5
442 2805 504 2883 alii
531 2806 655 2884 saltem
688 2830 707 2882 e
734 2806 829 2882 mala
855 2806 1002 2881 materia
1028 2804 1211 2883 mundum

145 2929 308 2996 creatum
322 2920 595 2998 contendebant
605 2918 659 3018 p).
695 2914 864 2995 Processit
879 2915 1212 2995 indelllanichaeo-

145 3051 230 3106 rum
257 3029 462 3130 disciplina:
507 3045 543 3138 et
573 3031 705 3109 insedit
730 3030 972 3129 infidebitque
991 3053 1032 3106 ea
1051 3029 1213 3130 philoso-

145 3142 232 3241 phia
249 3146 352 3223 omni
372 3161 537 3247 ternpore
554 3145 755 3222 multorum
767 3146 969 3220 mentibus:
995 3142 1093 3221 haud
1112 3147 1212 3222 enim

145 3256 239 3334 adeo
262 3256 367 3335 facile
387 3257 542 3363 habent,
578 3258 641 3335 vbi
657 3256 859 3344 subsiliant,
886 3254 912 3332 st
931 3254 1041 3332 semel
1059 3279 1106 3334 eo
1124 3281 1213 3357 pro·

145 3366 347 3463 cesserint,
373 3386 413 3449 vt
437 3374 478 3450 iu
504 3370 665 3454 creando
683 3370 747 3449 ‘vel
773 3368 1046 3471 corrumpendo
1066 3369 1211 3447 mundo

1060 3481 1211 3563 daemo-

250 3698 638 3850 luttnttstt
655 3699 1149 3857 ttttusutnlu‘

153 3964 160 3985 ι
206 3882 241 3962 o)
262 3805 417 3947 nordroni
432 3884 465 3946 in
477 3885 527 3983 his
537 3827 955 3982 eustositateaacennrulnres
970 3801 1210 3964 adeuodnfpost

253 3965 761 4133 lzrltullttntrlttt
774 3966 1210 4132 lltlttlnltltlsutl

253 4132 365 4195 melior
381 4135 533 4214 interpres
554 4134 582 4196 la
616 4154 652 4198 ne
668 4133 757 4207 esset,
785 4134 863 4216 iupr.
881 4131 977 4196 lilul.
997 4134 1066 4196 adr.
1083 4129 1210 4198 Haeres.

147 4275 158 4298 ,
255 4231 286 4291 5.
302 4217 329 4294 i·
344 4222 417 4283 1.‘2.
434 4226 467 4278 et
485 4214 611 4280 Malsuet
623 4215 687 4281 diss.
702 4219 734 4280 in
748 4217 904 4288 lrauaeuru
922 4213 944 4278 s.
961 4231 980 4291 5
1000 4214 1062 4297 sqq.
1075 4217 1127 4292 65.
1142 4214 1207 4297 sqq.

194 4313 242 4455 p)
252 4317 405 4484 lssisputat
419 4318 494 4386 adu.
515 4320 577 4384 lroc
591 4301 806 4447 §aestiuorum
821 4336 921 4404 genus
937 4314 1050 4387 Plotio.
1065 4313 1147 4381 Eun.
1164 4313 1207 4384 ΙΙ.
