2496 4936
342 675 629 735 =
971 679 1022 766 3'5

50 886 86 938 ta
160 857 225 937 Ita
252 861 372 937 morie
398 858 610 960 exponendi
633 884 770 961 pueros
792 875 829 941 et
849 865 1019 961 necandi,

50 974 297 1063 reducandi,
325 976 449 1050 utrix
472 979 585 1076 patria
603 975 727 1077 aliqua
750 980 786 1052 in
808 1000 870 1055 eos
899 982 1022 1061 anuos

50 1087 110 1166 :ue
126 1089 325 1183 uideatur3
350 1089 591 1176 conditionis,
618 1111 692 1190 qua
710 1090 868 1193 feminae
883 1093 1022 1174 haben.

65 1205 181 1282 facile
219 1201 326 1278 reddi
359 1203 476 1301 potest
511 1205 621 1279 ratio:
681 1208 914 1304 omninoque
945 1208 1019 1299 illa,

59 1319 108 1395 ad
135 1315 273 1394 mullas
299 1315 461 1416 physicas
477 1316 609 1392 retrahi
640 1316 808 1418 poliunt,
846 1320 1022 1418 expeditu

70 1433 204 1509 facilia.
295 1428 477 1507 Maiorem
516 1446 638 1506 tamen
670 1430 950 1510 delediationem
977 1435 1023 1514 ad

50 1573 77 1623 n
101 1545 244 1623 lenium
269 1542 426 1634 habent,
471 1543 631 1643 plusque
658 1546 820 1622 utilitatis
844 1547 890 1623 ad
919 1572 1024 1624 men·

52 1684 206 1737 umanae
229 1674 398 1734 naturam
423 1672 460 1733 et
484 1657 651 1734 indolem
677 1681 910 1758 peromnem
928 1666 1022 1742 vitae

50 1799 138 1851 tram
162 1776 317 1871 eiusque
340 1774 564 1849 incrementa
589 1773 797 1849 variabilem
824 1789 861 1850 et
883 1775 928 1851 ad
952 1800 1023 1853 no.

55 1889 201 1966 habitus
233 1885 443 1963 induendos
480 1885 642 1962 habilem
675 1900 872 1987 aptamque
902 1890 1023 1967 decta-

50 2027 124 2087 am‚
142 2001 303 2078 afferunt
322 1999 402 2079 illa,
440 2022 535 2099 quae
553 2015 637 2075 ante
654 2000 884 2078 haecomnia
902 2007 1023 2102 primo

65 2115 188 2215 polui:
236 2113 355 2191 sensus
380 2114 616 2190 barbarorum
645 2114 806 2213 religiosi
832 2130 868 2190 et
898 2118 944 2192 de
970 2140 1025 2193 re·

70 2228 195 2307 cauffre
229 2228 510 2327 originibusque
547 2227 699 2312 iudicia,
754 2242 791 2305 et
826 2231 1024 2329 opinioner

50 2344 314 2443 rperstitiones3
351 2355 432 2417 tum
455 2344 659 2439 primorum
678 2343 878 2442 sapientum
903 2343 1026 2442 philo·'

51 2473 185 2550 emata3
207 2479 368 2558 cumque
384 2480 424 2532 ea
435 2479 507 2556 per
530 2455 695 2555 symbola
722 2470 759 2532 et
774 2456 924 2559 mythos
949 2457 1025 2535 fere

50 2586 208 2659 nentur,
254 2571 422 2647 accendit
452 2569 542 2646 haee
584 2569 659 2670 ipsa
686 2593 742 2646 res
779 2571 1026 2650 animadversa

51 2710 118 2762 um
141 2685 206 2760 ista
230 2682 485 2782 cognoscendi.
541 2680 693 2760 Accedit
702 2686 801 2760 eninr
818 2685 909 2762 haec
927 2709 1026 2764 noua

51 2800 154 2880 :ultas
183 2799 223 2873 in
250 2796 505 2896 comparandis
538 2812 701 2874 veterum
729 2800 958 2897 populorum
985 2823 1027 2878 ae

51 2918 206 2989 ntiorum
229 2912 470 3010 opinionibus
495 2909 598 3008 quod
628 2910 785 3008 plurima
810 2917 849 2990 in
869 2930 1026 3014 utroque

51 3050 96 3102 :re
123 3050 187 3125 per
203 3024 367 3127 symbola
387 3024 470 3100 suut
491 3023 688 3101 declarata:
719 3026 853 3125 quaesi
877 3032 960 3125 quis
981 3051 1028 3128 err

51 3165 87 3217 ro
101 3138 201 3217 sensu
218 3142 499 3238 interpretetur,
533 3153 573 3213 ut
597 3138 818 3239 plerumque
831 3140 906 3216 lieri
925 3140 1027 3228 solet
1085 3143 1088 3154 '

51 3253 170 3332 iillima
192 3277 279 3330 eum
301 3251 348 3328 de
375 3251 605 3351 populorum
627 3255 786 3351 ingeniis
809 3277 852 3330 ac
872 3252 1030 3331 sensibus

51 3370 126 3444 iteri
149 3364 288 3443 neceile
313 3367 371 3442 ert
431 3365 526 3443 Sunt
547 3367 585 3439 in
603 3364 660 3440 his
676 3364 790 3442 multa
816 3366 878 3442 etsi
911 3367 1033 3443 diuer-

57 3479 182 3559 caullrs
198 3484 294 3557 inter
311 3476 473 3555 diuersos
488 3478 650 3578 populos
665 3479 843 3577 profetia,
867 3479 913 3556 ad
931 3505 1034 3556 com-

51 3621 113 3671 em
140 3609 263 3671 tamen
287 3592 438 3670 humani
458 3595 603 3689 generis
622 3592 788 3670 indolem
806 3609 843 3670 et
865 3606 1034 3672 naturam

51 3735 67 3783 e
85 3708 302 3785 reuocanda.
361 3705 405 3783 ln
418 3705 492 3781 hoc
509 3706 772 3784 rerumordine
790 3705 873 3784 sunt
889 3711 1037 3807 opinio'·

51 3823 95 3899 de
117 3821 305 3909 monstris,
330 3819 509 3920 prodigiis
526 3834 563 3894 et
584 3820 743 3896 ostentis.
802 3820 855 3898 Vt
868 3820 950 3909 snat,
971 3823 1037 3921 q'ui

51 3937 167 4033 stigiis
192 3936 425 4010 mirationem
458 3931 704 4023 faciantaliis,
730 3955 846 4034 eaque
874 3958 913 4011 re
941 3936 1037 4012 inter

77 4047 324 4125 autioritatem
351 4044 643 4145 consequantur,
685 4047 747 4124 etsi
777 4050 883 4124 variis
916 4048 1037 4126 modis

52 4161 165 4238 rtibus
183 4162 219 4238 id
237 4157 412 4249 efficitur,
442 4162 480 4237 in
499 4174 627 4237 natura
646 4175 767 4236 tamen
784 4161 942 4238 humana
962 4163 1042 4239 vbi·

71 4272 205 4351 caulius
229 4274 340 4351 habet
366 4275 517 4350 idoneas
589 4274 678 4351 Non
709 4288 809 4351 nune
832 4275 1041 4374 praestigias

52 4390 274 4469 memorabo
300 4412 332 4467 v.
357 4413 387 4465 c.
414 4385 638 4578 Telchicnum
664 4393 703 4465 in
726 4387 865 4467 Rhodo
896 4385 1038 4577 (Dios.

595 4528 617 4576 2
1030 4555 1042 4589 2
