710 1331
81 253 160 273 Demno
169 253 208 272 eius
216 252 293 272 Ordinis
300 252 385 272 schedula
393 252 482 275 soluetur,
497 252 541 272 inde
549 252 617 272 lec‘turn

82 287 151 301 nomen
161 287 172 300 e
180 281 264 301 cathedra
273 281 347 306 publice
354 281 508 305 pronuntiabitur.
540 280 618 305 Eaedem

83 310 248 330 commentationes
263 309 343 328 vidrices
360 308 418 334 Regia
429 309 554 329 munificentia
565 309 619 335 prelo

84 338 159 358 excusae
172 337 196 357 ad
211 338 280 362 Regem
294 338 386 362 optimum
398 343 419 356 ac
432 337 620 357 munificentissimum

84 368 188 386 mittentur:
205 365 224 385 id
237 365 289 391 quod
300 365 365 384 diserte
377 365 435 390 Regia
450 365 555 385 auctoritate
564 366 620 385 nobis

85 395 110 414 est
130 394 237 414 iniundum.
275 393 334 417 Quod
349 393 363 412 fi
381 393 416 413 alia
434 399 472 419 qua
487 394 621 413 commentatio

85 423 149 444 suerit.
176 422 232 447 digna
250 422 304 441 laude
323 421 406 447 publica.
431 428 478 447 quae
495 423 580 447 proxime
596 422 620 441 ad

85 451 177 470 vidricem
190 449 276 470 acceffiffe
289 450 325 469 vifia
337 450 401 472 fuerit,
420 456 441 470 ea
454 450 529 476 publice
538 450 622 470 laudabi-

85 483 116 499 tur
135 485 155 498 ae
170 478 338 501 commendabitur,
361 478 439 498 auctoris
453 484 530 504 quoque
545 479 564 498 in
576 478 623 498 Pro-

86 511 187 533 grammate
199 512 245 526 mox
258 506 364 532 euulgando
379 507 455 526 nomine
467 508 592 532 pronuntiato.

81 208 120 226 228

143 550 193 570 Inter
205 550 259 573 haee,
279 549 429 574 Commilitones.
446 550 492 575 quid
504 550 561 569 animi
572 549 623 569 futu-

87 585 129 598 rum
148 578 182 598 esse
201 579 289 604 putabitis
306 579 332 601 ei,
354 579 407 597 cuius
422 578 495 603 scriptio
509 578 573 597 vissrix
588 580 629 603 puss,

87 607 136 626 blice
149 608 275 632 pronuntiata.
289 610 346 632 vtque
355 607 436 631 praemio
444 610 480 625 tam
490 606 583 631 praeclaro
593 612 625 625 or-

88 639 152 658 netur,
176 639 195 654 et
213 639 232 654 vt
246 635 268 654 ad
281 634 351 659 Regem
366 635 456 656 mittatur,
475 634 530 659 digna
544 634 623 654 iudicata

88 663 155 683 fuerit?
177 663 242 688 Frigus
256 663 339 689 *glaciale
358 667 377 682 et
393 663 485 688 stuporem
506 662 548 688 plus
566 668 623 687 quam

89 691 194 717 Scythicum
214 691 296 710 obsidere
313 691 375 716 pestus
390 691 474 711 diceretis
488 691 545 713 iilud,
570 691 623 716 quod

89 725 128 739 non
147 720 259 744 cogitatione
273 723 333 738 tantae
349 719 408 738 laudis
421 719 503 739 subsiliat.
532 718 572 738 Vos
586 720 624 739 iam

89 748 155 767 animis
170 748 241 767 arreffis
257 747 301 767 haec
317 747 389 772 legere,
412 753 472 767 nouae
488 747 547 766 laudis
562 747 623 767 studio

90 779 109 795 et
121 776 221 800 cupiditate
230 775 346 798 incalescere,
361 775 435 795 consilia
444 776 522 800 agitare,
534 775 624 795 successus

89 804 154 823 animis
167 805 282 829 praecipere,
302 804 364 824 videre
377 804 432 823 nobis
444 804 533 824 videmur.

146 844 248 865 Conuentu
265 845 353 867 sollenni,
378 844 408 864 die
421 844 515 867 1V1unii.
538 848 558 864 vt
570 844 624 870 supra

89 873 157 893 diflum
172 874 206 896 est,
221 873 316 896 habendo,
337 879 377 898 quo
388 874 468 898 praemia
481 873 624 898 affigi-rabuntur,

89 902 144 921 etiam
162 902 181 921 in
196 902 334 927 subsequentem
349 907 443 926 quemque
457 907 527 921 annum
540 901 624 926 promul-

66 927 68 930 “
89 933 167 954 gantur,
193 935 275 955 moxque
292 936 328 949 vna
347 935 390 949 cum
407 930 496 949 victorum
515 930 623 949 nominibus

88 958 142 983 prelo
157 962 227 977 exarata
239 958 313 983 publice
326 957 434 983 vulgantur,
452 961 559 983 argument-«1
573 958 624 977 sutu-

89 992 151 1006 rarum
164 986 288 1011 scriptionum.
317 985 369 1005 Idem
380 987 400 1006 in
412 986 502 1011 praesenti
509 986 591 1009 facimus,
604 990 624 1005 et

89 1015 109 1033 in
126 1020 194 1034 annum
211 1015 328 1040 proximum,
350 1014 383 1039 qui
397 1013 494 1034 LXXXV
509 1014 575 1034 saeculi
590 1015 621 1037 est,

89 1043 212 1068 problemata,
235 1043 259 1062 de
278 1043 345 1068 quibus
360 1043 515 1062 commentatione
529 1042 623 1067 agendum

88 1071 132 1094 erit,
152 1071 295 1096 promulgamus.
325 1070 427 1090 Constituta
439 1071 496 1096 igitur
509 1071 551 1091 sunt
562 1072 622 1097 capita

88 1100 204 1118 controuersa
223 1106 243 1119 ac
258 1099 372 1124 quaestiones
388 1099 411 1118 ab
423 1098 495 1119 Ordine
508 1105 584 1125 quoque
597 1105 622 1119 ex

87 1127 129 1147 suae
143 1128 248 1153 disciplinae
258 1127 325 1147 finibus
336 1128 380 1147 hae:
398 1130 417 1147 et
426 1127 507 1153 quidem.
618 1142 621 1144 -
