2572 5070
52 294 276 396 Pyrrhoque
313 295 351 368 in
383 289 524 370 ltaliam
546 294 684 381 accito,
728 286 887 369 Lucanis
910 289 1134 397 Bruttiisque

53 413 98 486 in
135 408 223 485 belli
262 407 468 485 societatem
501 405 673 505 pellectis.
750 405 832 483 Nec
871 432 957 484 vero
993 408 1134 487 saniora

55 524 163 601 suere
187 521 336 600 consilia
358 524 546 600 ciuitatum
566 517 788 596 Graecarum
814 523 853 595 in
881 538 1041 598 extrema
1063 522 1136 601 lta-

55 638 126 715 lia:
162 659 257 736 quae
283 634 391 711 nullo
415 635 606 711 communi
633 632 781 709 foedere
807 635 1023 711 coniuntlae
1044 635 1135 713 dest·

58 750 124 828 des
156 749 411 848 expetierunt,
461 748 582 824 donec
606 744 799 823 Romanus
821 771 918 823 arma
944 749 989 825 ad
1012 749 1134 849 fingu-

58 864 112 941 las
138 863 304 940 ciuitates
322 861 590 952 circumferrem
622 859 716 959 ipsae
732 855 1134 962 Lucanisssruttiisque

61 981 99 1053 in
124 976 277 1075 praedae
295 995 434 1074 partem
461 973 626 1050 adiellae.
687 972 835 1050 Scilicet
862 974 952 1052 haec
974 976 1036 1052 illa
1063 977 1135 1071 fuit

60 1089 317 1169 Romanorum
338 1088 505 1174 fortuna,
535 1110 622 1165 cum
637 1085 719 1187 ipfi,
751 1089 796 1161 ab
814 1089 923 1166 initio
938 1092 976 1164 in
993 1089 1134 1170 summa

62 1227 186 1280 rerum
209 1207 334 1304 inopia
352 1201 551 1299 frugalitati
569 1199 725 1309 adsueti,
752 1203 971 1300 corporibus
987 1208 1136 1283 animis·
1173 1243 1174 1247 Ν

63 1341 137 1419 que
162 1313 273 1393 elleot
296 1315 496 1402 induratis,
536 1328 593 1402 vt,
630 1336 706 1390 vno
722 1332 879 1414 excepto
894 1312 1046 1395 Etrusco
1066 1342 1136 1418 po.

62 1431 178 1532 pulo,
216 1431 276 1506 sed
303 1453 350 1506 eo
376 1428 489 1516 luxu,
523 1441 560 1503 et
575 1425 686 1503 luxus
711 1431 847 1505 comite
864 1434 1032 1520 auaritia,
1060 1435 1135 1531 pri·

61 1561 241 1643 rataeque
265 1543 430 1627 utilitatis
451 1541 572 1616 studiis
592 1556 789 1638 corrupto,
825 1564 903 1618 non
918 1541 985 1617 niis
1003 1567 1133 1642 paruas
1233 1545 1235 1548 ’

61 1660 228 1736 ciuitates
258 1670 509 1756 peromnem
538 1655 707 1729 viciniam
740 1652 938 1742 haberent,
995 1660 1132 1755 quibus

60 1770 174 1849 ellent
207 1768 358 1869 singulis
399 1791 521 1868 pares;
576 1767 785 1866 quibusque
824 1766 923 1843 villis
960 1779 1130 1863 maiores,

62 1909 175 1985 quam
213 1886 324 1960 ceteri
357 1905 486 1959 omnes
519 1878 763 1968 coniunctim,
818 1871 995 1960 haberent
1029 1904 1132 1985 opes,
1179 1938 1181 1941 -

62 2022 157 2100 quae
187 1997 338 2098 quidem
357 1990 393 2071 et
406 1988 611 2094 longinqua
628 2008 813 2070 terrerent
856 1993 952 2071 Nam
971 1997 994 2072 li
1011 1995 1134 2078 Roma

61 2136 194 2210 magna
217 2133 330 2209 regna
358 2123 394 2185 et
418 2110 587 2206 imperia,
624 2129 708 2182 cum
734 2110 870 2204 quibus
889 2114 1134 2207 congrediens

61 2225 153 2303 dum
171 2223 274 2313 effet,
302 2224 348 2300 ab
369 2224 475 2297 initio
494 2221 609 2297 statim
630 2218 823 2321 habuillet:
853 2245 921 2298 nae
936 2227 1050 2301 virtus
1068 2225 1134 2304 illa

64 2342 257 2440 tantopere
289 2339 411 2413 iactata
449 2339 486 2410 in
525 2333 725 2410 latrociniis
767 2337 977 2436 rapinisque
1010 2339 1136 2416 conse·
1246 2406 1247 2411 s

62 2451 215 2547 nuillet3
253 2452 346 2527 adeo
361 2449 519 2525 dubitari
535 2446 671 2545 potell,
700 2446 745 2522 ad
768 2469 857 2544 opes
877 2445 1134 2531 Rornanorum

60 2582 253 2666 tantopere
289 2563 407 2641 autlas
447 2582 572 2635 annon
603 2559 772 2636 fortunae
805 2559 890 2659 plus
925 2583 1036 2660 quam
1066 2565 1133 2666 ipll

57 2680 117 2756 llli
143 2681 268 2756 virtuti
289 2672 547 2776 imputandum
570 2670 639 2748 elle
664 2671 816 2748 censeas.
878 2734 882 2741 .

170 2902 411 2982 Debellatum
444 2917 519 2980 erat
546 2905 586 2979 in
613 2901 715 2980 Italia
745 2904 809 2981 iub
839 2927 868 2981 a.
896 2903 941 2980 V.
968 2902 1010 2983 C.
1033 2922 1127 3003 481.

59 3015 154 3096 Belli
177 3017 368 3094 Tarentini
393 3019 634 3116 contagione,
668 3031 704 3091 et
726 3034 870 3117 recepta
891 3017 1134 3099 Mamertinos
1159 3070 1160 3073 a
1274 2996 1275 2999 Ὺ

60 3155 143 3209 rum
170 3132 358 3219 societate,
403 3154 488 3207 cum
510 3129 700 3207 Romanus
723 3130 868 3225 Siciliae
893 3135 1131 3233 occupandae

38 3235 287 3347 immineret,
328 3241 475 3320 Poenus
500 3251 636 3319 ruma
663 3242 805 3321 Siciliae
831 3245 931 3322 aditu
959 3236 1156 3346 prohibe-⁵

60 3374 133 3446 ret,
168 3348 309 3434 bellum
336 3355 515 3433 Punicum
540 3370 710 3432 exortum
728 3358 795 3450 ell;
821 3361 1030 3458 quodcum
1055 3364 1131 3436 ertia¹

59 3487 139 3548 tuns
164 3469 341 3548 habuiilet
368 3465 500 3547 Poenis
523 3470 737 3556 infaustum,
767 3471 853 3547 inde
871 3472 1019 3550 demum
1034 3497 1131 3552 rcoo·

56 3585 132 3662 filia
164 3588 300 3685 agitare
336 3597 511 3682 coeptum
547 3583 596 3658 est
634 3579 876 3682 Carthagine,
934 3587 1130 3686 quomodo

55 3692 245 3776 Romanae
277 3700 462 3800 potentiae
497 3694 615 3772 obusti
650 3693 766 3793 pollet
801 3721 876 3774 non
914 3702 1030 3830 modo
1063 3701 1131 3777 do-

53 3813 229 3903 mesticis,
265 3812 328 3891 sed
358 3825 415 3888 ct
417 3812 586 3940 externis
614 3795 963 3908 viribusadiuntlis3
1000 3828 1036 3892 et
1041 3816 1129 3923 pri
1228 3846 1232 3855 ·

948 3979 950 3985 .
1024 3951 1128 4005 mum

358 4037 382 4077 η
