2496 4936
87 821 362 902 interdicere
390 847 473 901 non
495 820 656 923 possent,
697 822 843 914 saltem,
885 848 933 904 ne
962 851 1091 929 empo-

92 951 165 1014 ant
197 937 425 1016 castellum
449 938 501 1014 ibi
526 937 659 1015 habere
687 934 854 1039 poffent,
897 959 1091 1040 canerent;

78 1050 320 1130 inhiberent
348 1078 371 1129 a
400 1066 502 1128 certo
527 1056 836 1130 commerciorum
854 1076 1008 1151 genere,
1036 1082 1092 1135 ar.

78 1181 234 1268 ntquea
250 1165 504 1244 coloniarum
519 1164 663 1243 [uarum
678 1162 838 1261 acceffu3
864 1182 904 1244 vt
918 1166 1098 1250 interiora

78 1305 179 1357 rrum
209 1280 327 1358 adire
356 1291 503 1357 exteros
527 1292 710 1370 vetarent,
744 1303 948 1381 arcanaque
970 1282 1094 1385 aliqua

78 1395 264 1494 igationis
293 1406 336 1471 et
362 1394 625 1493 negotiationis
644 1391 710 1470 fibi
733 1396 873 1495 quique
890 1394 1095 1492 seruarent3.

78 1521 329 1584 mercaturam
356 1506 417 1584 seu
442 1519 652 1583 exterorum
684 1506 746 1584 seu
769 1506 1002 1588 coloniarum
1031 1511 1092 1590 seu

78 1650 84 1696 i
112 1621 263 1700 ditione
290 1620 499 1698 habitarum
533 1621 724 1697 ciuitatum
750 1622 856 1697 variis
878 1623 1092 1724 modiscir.

78 1735 333 1824 inscriberent,
369 1757 440 1811 nec
461 1730 527 1809 nifi
550 1734 657 1810 certis
683 1737 722 1810 in
752 1734 861 1824 foris,
901 1739 1008 1814 certis
1025 1736 1090 1817 sub

78 1850 189 1947 ibus,
229 1871 372 1926 merces
395 1859 433 1924 et
456 1844 615 1924 vendere
643 1860 681 1924 et
703 1872 824 1924 emere
838 1850 1026 1945 iuberent3
1052 1867 1092 1930 vt

78 1964 241 2053 uerbis,
272 1983 368 2061 quae
380 1963 552 2062 princeps
568 1960 700 2060 populi
714 1958 818 2050 diet,
849 1965 996 2040 auaritia
1011 1987 1093 2042 om·

78 2100 87 2153 ι
116 2076 165 2152 ad
190 2078 227 2153 se
251 2087 416 2176 raperet,
464 2087 501 2150 et
528 2073 646 2152 socios
675 2074 946 2177 popularesque
971 2077 1093 2157 eidem

78 2213 134 2266 :ro
159 2213 204 2267 ac
220 2189 383 2290 quaestui
398 2187 580 2293 inhiantes
596 2189 674 2264 iure
697 2211 739 2264 ac
754 2187 899 2286 legibus
917 2190 1091 2268 exclude·

78 2326 101 2398 :;
137 2307 176 2380 in
201 2304 302 2381 helio
328 2317 452 2379 autem
472 2315 512 2376 vt
536 2323 647 2378 naues
664 2316 909 2379 commeatum
926 2301 1090 2382 hostibus

78 2419 251 2495 uehentes
268 2418 538 2516 interciperent,
564 2438 677 2493 naues
690 2416 979 2514 submergerent,
1001 2441 1092 2496 nau·

78 2557 84 2606 r
104 2532 262 2609 vinculis
287 2528 488 2623 traderent3
525 2551 659 2629 porro,
694 2544 735 2606 rt
750 2543 898 2619 nautas,
913 2532 992 2633 {qui
1014 2556 1091 2609 em·

78 2649 131 2722 ria
147 2645 209 2722 sna
226 2659 353 2721 contra
369 2645 524 2720 vetitum
540 2643 701 2734 adirent,
734 2647 824 2721 mari
836 2642 1092 2744 demergerent

78 2775 93 2836 t
115 2772 309 2850 necarent,
345 2780 485 2835 merces
510 2756 676 2835 aduenas
697 2760 949 2860 publicarent,
992 2759 1091 2839 etfic

78 2897 108 2954 a·

142 3012 252 3110 Quae
275 3038 362 3093 cum
389 3013 449 3092 vel
473 3037 521 3092 ex
548 3011 775 3093 nobiliffimis
799 3013 873 3091 illis
892 3014 1090 3117 foederibus,

78 3154 128 3208 rae
150 3134 236 3208 inter
252 3129 382 3206 Poenos
404 3140 436 3206 et
456 3129 626 3207 Romanos
654 3131 744 3205 inita
769 3131 933 3229 propitio
961 3129 1090 3233 aliquo

78 3263 109 3321 to
121 3248 161 3321 in
175 3241 385 3345 Polybianis
400 3243 563 3343 reliquiis
580 3242 626 3321 ad
639 3243 758 3319 nostra
774 3256 939 3343 tempora
956 3243 1093 3323 seruata

78 3372 115 3435 nt
133 3357 202 3456 a),
252 3357 378 3440 doceri
413 3372 451 3433 et
480 3355 655 3434 declarari
683 3354 832 3455 poffint:
863 3358 968 3436 iuuat
990 3382 1093 3436 nunc

78 3495 123 3551 rec
138 3473 212 3576 ipsa
228 3471 376 3551 foedera
395 3494 441 3549 eo
459 3469 612 3550 confilio
629 3470 861 3569 perlustrare,
888 3484 929 3548 ut
944 3486 981 3548 et
1001 3484 1093 3548 tem·

594 3579 627 3660 C
657 3605 675 3679 5
958 3608 1094 3685 porum

97 3799 1093 3984 '’iiiiiiniiiun‘iiz{olidissittffuit

145 3973 275 4037 inseruit
296 3992 332 4037 ea
355 3970 575 4055 supplementis
591 3969 652 4031 surr
667 3972 704 4032 sd
717 3970 836 4040 Cornus
849 3970 1092 4056 Diplomntieum

146 4055 365 4138 Barbeyracins
395 4050 531 4136 (Suppl.
560 4072 602 4116 nu
629 4049 727 4136 corps
752 4049 980 4138 Dipiomoiipue
1000 4055 1040 4119 Τ.
1066 4055 1092 4122 Ι.

146 4141 204 4205 Art
220 4138 344 4206 xcvu.
357 4136 457 4202 cccl.
467 4134 644 4202 ccxcvii.
655 4137 835 4202 CCCXXXI
842 4139 862 4198 Ι.
873 4139 915 4200 ei.
928 4131 1092 4202 Guthrion.

147 4223 213 4312 iifl.
249 4222 286 4288 T.
306 4223 359 4286 ΙΙΙ.
388 4234 596 4299 emmaus.
632 4216 711 4283 Hert
750 4217 823 4306 Hist.
854 4217 898 4284 du
929 4217 1096 4287 Commercr

147 4329 174 4368 e.
193 4308 265 4386 αι.)
288 4304 352 4370 Nee
374 4315 476 4366 tumen
501 4303 660 4385 sublegere
678 4307 777 4379 piacet
795 4325 851 4374 er.
872 4306 998 4386 quaein
1018 4326 1094 4366 con·

148 4387 292 4454 trouerfir
313 4387 353 4449 de
375 4387 449 4449 muri
472 4385 574 4450 clauso
598 4406 633 4448 nc
653 4385 751 4448 libero
767 4407 785 4449 a
799 4387 870 4450 viris
887 4386 1008 4464 doctis,
1027 4385 1097 4453 set·

151 4474 232 4537 deno
245 4471 406 4559 inprimis,
426 4468 577 4553 disputata
591 4467 675 4533 suut.
