2580 5004
3 3853 12 3945 k

49 857 205 936 videatis
239 853 430 943 misenus,
471 875 550 954 quo
579 850 839 952 Genghiscanis
863 868 926 933 aut
949 852 1115 936 Timurir

52 973 226 1050 meliores
253 993 294 1046 ac
323 968 595 1068 praestantiores
624 968 739 1042 videri
759 968 932 1058 debeant,
971 982 1113 1069 praeter

52 1110 168 1187 quam
187 1083 288 1183 quod
308 1083 516 1159 diuturnior
532 1078 707 1157 Romanis
723 1083 868 1181 imperii
883 1082 1017 1160 frusius
1033 1085 1115 1176 suit,

53 1223 133 1299 quo
156 1200 261 1297 plura
281 1218 402 1272 rerum
418 1213 604 1270 momenta
623 1209 659 1268 et
676 1197 895 1272 mutationes
913 1200 1061 1273 euenire
1079 1211 1116 1275 et

53 1315 95 1388 in
122 1311 185 1387 illa
207 1312 352 1386 vrbium
367 1330 613 1407 agrorumque
631 1308 765 1385 vastitie
784 1309 916 1385 iterum
933 1333 1032 1387 noua
1047 1310 1116 1386 ho·

52 1430 200 1507 minum
223 1425 325 1521 stirps
350 1419 572 1498 efflorescere
598 1417 722 1520 posses
789 1419 871 1500 Nee
895 1445 982 1500 vero
1001 1423 1118 1503 ullum

55 1562 234 1636 magnum
262 1538 459 1635 inperium>
481 1531 548 1609 esse
579 1534 717 1632 potest,
775 1535 878 1634 quod
903 1561 982 1614 non
1006 1537 1116 1614 vastas

54 1675 229 1751 agrorum
248 1648 460 1726 solitudines
476 1661 538 1723 aut
553 1647 683 1721 habeat
700 1659 762 1723 aut
776 1647 890 1726 faciat.

172 1816 209 1894 Si
234 1830 357 1891 tamen
372 1810 561 1891 Romanos
580 1825 723 1888 tantum
738 1811 967 1891 coloniarum
986 1839 1117 1893 nume·

55 1955 142 2008 rum
161 1935 208 2021 a)
227 1931 264 2003 in
283 1926 458 2026 obsequio
475 1949 517 2002 ac
533 1922 603 2000 fide
621 1924 802 2002 retinuisse
820 1928 1027 2016 audiamus,
1055 1928 1120 2004 sal·

56 2059 136 2122 tem
156 2043 223 2118 hac
251 2045 287 2116 in
313 2055 413 2139 parte
435 2037 573 2135 insigne
599 2038 653 2112 illi
673 2038 885 2137 prudentiae
906 2041 1120 2139 exemplum

53 2151 280 2262 proposuisse
307 2152 420 2228 videri
444 2149 611 2251 possunt3
640 2153 804 2249 inprimis
827 2153 852 2229 sr
871 2154 1011 2228 nostrae
1028 2168 1124 2230 aeta·

55 2275 102 2347 tis
129 2269 228 2345 casus
253 2281 289 2342 et
317 2278 447 2341 euenta
474 2288 736 2363 comparemus.
802 2262 1034 2365 Inquiramus
1056 2272 1121 2343 ita·

56 2408 151 2485 que,
190 2381 368 2479 agedum,
406 2374 538 2467 Ciues,
578 2399 672 2476 quos
692 2383 901 2455 communia
917 2379 1121 2458 litterarum

58 2497 176 2574 studia
210 2497 249 2569 in
282 2491 435 2569 eandem
459 2489 519 2567 seu
547 2493 731 2566 ciuitatem
755 2491 815 2569 seu
847 2491 1032 2570 coloniam
1058 2494 1121 2569 ad·

57 2609 219 2698 duxere,
251 2607 291 2682 in
316 2602 448 2682 caussas
475 2628 515 2679 ac
536 2603 704 2693 consilia3
730 2600 780 2706 b)
799 2608 933 2705 quibus
952 2605 1123 2685 efferium

1066 2719 1120 2810 fit,

119 2872 168 2961 a)
188 2873 358 2974 Recensum
395 2871 586 2972 coionirrum
617 2872 821 2937 Romanarum
852 2874 1017 2954 diiigenter
1046 2876 1122 2941 iecit

172 2954 699 3138 dissidiississinio
719 2966 756 3138 i}
774 2958 812 3103 i?
822 2970 895 3135 iili]
912 2957 1060 3103 iiiii:
1078 2959 1119 3138 iil

174 3121 577 3288 armaria:
592 3119 1122 3280 sensnum

175 3307 207 3367 9.
227 3307 276 3355 10.
295 3288 418 3363 XXIX,
444 3305 492 3365 15.
508 3285 645 3360 xxvii,
668 3301 717 3365 38.
735 3287 890 3359 xxxvi,
913 3304 943 3364 3.
960 3299 992 3349 et
1008 3289 1121 3373 Veliej.

173 3373 207 3449 l,
233 3390 280 3454 14.
291 3371 399 3453 Vsque
417 3371 454 3433 ad
469 3391 497 3433 a.
512 3375 582 3450 ⁶¹⁶3.
602 3372 792 3433 coloniarum
809 3370 889 3433 Ην.
901 3373 1023 3433 nomina
1037 3392 1126 3450 repe-

173 3456 307 3543 riuntur.
356 3453 422 3519 Sub
446 3451 613 3518 aduentum
629 3454 788 3521 Annibalis
802 3455 831 3551 in
852 3452 1124 3553 ltaliameolonise

173 3535 868 3709 issiztnisffzisss:sibisibi:
875 3535 1123 3686 {iiiiii}

54 3781 58 3788 ’
121 3727 166 3813 ⁶)
176 3729 1124 3887 iit,”sinisii'’abscidisses’‘fissardi}

174 3897 214 3958 de
239 3893 362 3968 crusiis,
394 3915 465 3958 cum
485 3894 630 3958 modoad
648 3895 830 3957 liberandam
846 3915 862 3955 ι
876 3896 997 3961 ciuibus
1013 3897 1123 3977 egenis

175 3979 225 4041 vei
253 3974 400 4041 seditiosis
421 3979 543 4049 vrbem,
572 3978 714 4039 modoad
732 3976 928 4042 sustinendam
945 3980 1137 4061 egessimus

173 4064 268 4125 modo
294 4073 328 4125 vt
350 4059 485 4143 praesidii
512 4059 583 4122 loco
600 4057 694 4122 esi'eut
707 4060 738 4120 in
756 4062 844 4122 terris
857 4063 893 4125 ab
911 4062 995 4125 hoste
1010 4066 1121 4142 captis,

174 4146 269 4206 modo
282 4158 315 4206 vt
329 4144 455 4224 praemii
473 4142 543 4206 ioco
557 4162 631 4222 ager
646 4141 885 4215 distribueretur,
908 4165 989 4210 nuuc
1004 4164 1066 4207 non
1077 4147 1124 4205 di·

173 4227 347 4309 spammu23
358 4227 566 4305 prostantlibri
576 4227 656 4288 bisce
665 4232 702 4284 de
713 4227 803 4288 rebus
815 4226 882 4289 saris
897 4229 984 4288 multi
994 4248 1002 4287 ε
1014 4244 1044 4288 νε
1062 4244 1124 4289 rra·

174 4312 205 4370 di
216 4311 474 4371 solenthaeccum
489 4309 786 4389 inantiquitarernrn
802 4312 832 4368 in
844 4312 964 4370 historia
975 4312 1122 4375 Rornsnr.

173 4392 222 4456 cf.
233 4390 268 4457 de
276 4403 330 4457 art.
341 4393 482 4455 colonior.
492 4393 592 4455 ἐπινοεῖ
602 4389 721 4474 rnrffir.
730 4392 816 4455 Tus.
829 4390 940 4476 Opuse.
951 4410 1047 4477 papo
1059 4391 1121 4474 sqq.

68 4546 73 4559 .
126 4496 238 4583 Heynii
251 4503 357 4588 Opusc.
374 4501 459 4569 mad.
475 4499 544 4568 Vos.
557 4501 625 4566 III.
738 4479 767 4560 F
