2496 4936
135 667 186 739 32
526 656 812 716 *zzz

26 865 32 880 ’
134 839 300 920 dendum
317 840 403 929 est
427 840 466 914 in
487 837 550 915 illa
574 840 669 948 vita,
694 843 734 917 in
759 839 827 918 rllo
842 839 947 919 caelo
962 839 1136 945 soloque
1164 845 1243 922 in⁴

133 955 203 1033 illo
225 944 395 1032 culturae
411 954 472 1030 seu
498 950 640 1031 defetlu
658 955 720 1031 seu
735 953 944 1055 progrellu‚
977 957 1105 1056 quales
1122 958 1206 1057 pos·
1241 976 1244 985 “

134 1069 205 1147 srnt
220 1092 262 1145 ac
277 1068 434 1145 debeant
450 1065 518 1144 elle
540 1067 736 1145 hominum
753 1073 949 1146 notiones.
975 1071 1021 1146 ad
1038 1071 1103 1147 has
1128 1074 1207 1162 ersi-¹

133 1184 255 1282 gendo
280 1182 364 1258 sunt
388 1196 540 1269 narrata,
560 1206 638 1258 non
659 1205 752 1281 quae
772 1187 1086 1282 peregrinantium
1105 1187 1207 1285 quis·

137 1320 211 1397 que
229 1297 389 1372 statuerit
403 1308 465 1371 aut
481 1294 653 1371 ariolatus
670 1295 731 1385 fit,
770 1296 830 1372 sed
847 1295 936 1373 falla
952 1312 989 1373 et
1003 1322 1081 1388 res,
1113 1320 1206 1398 quas
1240 1316 1245 1408 ξ

135 1411 238 1487 sensu
262 1409 459 1488 oculorum
483 1422 520 1483 et
542 1413 752 1487 animorum
768 1414 915 1508 integro
938 1424 974 1487 et
988 1414 1206 1511 incorrupto
1239 1456 1243 1497 2

132 1523 192 1601 illi
220 1526 476 1622 cognouerint.
558 1519 735 1600 Docuille
776 1524 849 1600 hoc
884 1524 976 1600 mihi
1007 1526 1135 1602 videor
1165 1529 1207 1602 in
1240 1557 1246 1621 3

135 1638 291 1715 notione
306 1638 523 1741 numinisac
539 1636 748 1737 religionis3
778 1638 851 1714 hoc
867 1637 967 1714 idem
978 1637 1102 1714 doceri
1120 1652 1207 1736 pot·
1241 1630 1246 1639 ”’

136 1764 213 1826 erat
241 1751 408 1827 inomni
435 1748 595 1848 religiosi
630 1750 752 1828 cultus
779 1775 924 1850 genere.
1007 1751 1066 1829 Sic
1098 1776 1206 1829 voca·

135 1863 229 1940 bulo
253 1861 433 1953 sacrificii,
463 1865 523 1940 cui
547 1865 716 1943 innutriti
731 1863 872 1953 fomur,
904 1863 1060 1964 decepti,
1091 1889 1206 1966 quam

135 1976 253 2054 multa
282 1978 328 2054 de
351 1977 473 2076 priscis
490 1977 640 2077 populis
664 1993 728 2056 aut
748 1979 793 2055 de
820 1980 978 2055 barbaris
1000 1979 1206 2058 nostrarum

135 2104 294 2169 aetatum
318 2089 516 2192 apposuere
541 2091 733 2191 scriptores
752 2092 870 2169 aliena
894 2106 931 2169 et
960 2115 1089 2193 parum
1114 2117 1206 2170 con·

136 2203 322 2283 sentanea!
374 2204 464 2282 dum
504 2205 727 2284 adorationis
768 2230 860 2283 voce
888 2208 1051 2296 vtimur,
1091 2230 1206 2306 quam

136 2319 226 2396 salso
252 2319 472 2419 plerumque
501 2319 548 2396 de
581 2321 819 2396 barbarorum
843 2319 1074 2420 populorum
1098 2321 1204 2399 sensu

137 2431 352 2510 statuimus!
419 2432 510 2509 dum
553 2434 808 2534 mysteriorum
848 2436 993 2511 nomini
1033 2432 1206 2534 indulge·

136 2570 238 2638 mus,
277 2546 367 2622 dum
391 2570 538 2645 magos,
572 2560 670 2623 vates
688 2562 750 2624 aut
769 2546 969 2625 sacerdotes
988 2552 1206 2647 pronuntia·

136 2685 241 2747 mus,
281 2660 530 2760 quammulta
558 2660 592 2736 le
617 2664 655 2736 in
682 2663 845 2738 animum
870 2661 1073 2748 insinuant,
1116 2686 1204 2762 pro·

137 2774 227 2851 ferra
246 2776 350 2851 exiis
367 2775 605 2863 notionibus,
633 2796 751 2873 quae,
782 2776 997 2851 nominibus
1012 2774 1084 2851 illis
1101 2776 1205 2852 audi·

137 2891 202 2980 tis,
233 2910 319 2964 eum
344 2887 534 2987 impellere
552 2887 736 2964 solebant!
793 2885 855 2966 De
877 2885 1006 2965 Geniis
1025 2903 1203 2980 veterum,

99 3081 110 3091 ,
136 3026 180 3080 ac
206 2998 462 3079 Daemonibus
488 3002 725 3079 barbarorum
751 3003 892 3079 nostrae
917 3006 1060 3091 aetatis,
1095 3002 1203 3080 locus

139 3117 189 3192 est
211 3130 249 3193 et
268 3114 437 3217 copiosus
462 3128 498 3191 et
514 3115 689 3192 lubricus.
748 3113 962 3193 Incredibili
979 3116 1093 3193 modo
1112 3120 1206 3192 vari·

137 3246 194 3307 ata
222 3254 351 3306 eorum
371 3229 443 3305 fuit
461 3231 567 3305 notio
584 3243 620 3304 et
642 3234 807 3328 acceptio
827 3253 892 3329 per
911 3253 1040 3307 omnes
1057 3242 1202 3307 aetates.

135 3339 285 3422 Vellem
318 3347 444 3443 vtique
475 3358 597 3419 totum
627 3342 700 3421 hoc
725 3366 842 3442 genus
870 3343 1047 3420 subtiliter
1075 3343 1155 3419 sutis
1183 3367 1207 3421 a

137 3481 328 3559 quoquam
354 3456 576 3534 declaratum
603 3455 690 3531 dari.
758 3455 1019 3535 Accedendum
1044 3481 1132 3536 vero
1154 3458 1205 3536 est

137 3572 184 3649 ad
204 3596 282 3647 eam
301 3595 379 3646 rem
393 3570 496 3646 nulla
518 3594 605 3647 cum
619 3571 798 3671 opinione
815 3585 1097 3669 praeconcepta,
1135 3593 1205 3648 nec

136 3685 367 3763 statuendum
384 3685 433 3759 est
451 3686 496 3759 ab
515 3686 622 3760 initio
638 3684 728 3783 quid
746 3683 912 3760 effetlum
928 3680 996 3760 elle
1013 3684 1124 3778 velis;
1142 3707 1205 3760 ve·

136 3823 221 3878 tum
244 3798 463 3885 videndum,
493 3796 584 3897 quid
608 3801 734 3887 exiis,
763 3820 858 3898 quae
884 3799 1030 3873 rimanti
1047 3813 1084 3872 et
1100 3801 1210 3873 inue-

135 3914 279 4012 stiganti
304 3910 339 3987 se
363 3908 583 3999 obtulerint,
623 3916 802 3989 reuocatis
828 3909 977 4009 singulis
1005 3911 1051 3987 ad
1069 3933 1207 4010 genera

135 4027 218 4114 sua,
244 4026 472 4102 statuendum
489 4023 743 4103 effevideatur.
797 4022 905 4102 Vtin
927 4024 1043 4100 malos
1062 4023 1207 4102 Genios

136 4139 327 4237 molosque
360 4139 448 4215 deos
477 4140 654 4217 incideret
681 4139 877 4216 hominum
902 4138 1105 4215 multorum
1124 4140 1187 4238 opi

137 4257 215 4342 nio,
243 4253 410 4352 procliue
430 4248 497 4327 elle
515 4253 643 4329 debuit
661 4255 850 4335 mentibus
874 4251 1028 4329 indoctis
1048 4264 1085 4326 et
1112 4253 1164 4326 vlt

135 4367 304 4446 sensuum
337 4365 515 4467 impulsus
542 4390 622 4444 non
643 4363 933 4466 allurgentibus‚
970 4387 1088 4465 quum
1110 4364 1143 4438 vi

1109 4501 1139 4554 m
